@article{Aalseth:2010vx,
      author         = "Aalseth, C.E. and others",
      title          = "{Results from a Search for Light-Mass Dark Matter with a
                        P-type Point Contact Germanium Detector}",
      collaboration  = "CoGeNT collaboration",
      journal        = "Phys.Rev.Lett.",
      volume         = "106",
      pages          = "131301",
      doi            = "10.1103/PhysRevLett.106.131301",
      year           = "2011",
      eprint         = "1002.4703",
      archivePrefix  = "arXiv",
      primaryClass   = "astro-ph.CO",
      SLACcitation   = "%%CITATION = ARXIV:1002.4703;%%",
}

@article{Aalseth:2011wp,
      author         = "Aalseth, C.E. and others",
      title          = "{Search for an Annual Modulation in a P-type Point
                        Contact Germanium Dark Matter Detector}",
      collaboration  = "CoGeNT collaboration",
      journal        = "Phys.Rev.Lett.",
      volume         = "107",
      pages          = "141301",
      doi            = "10.1103/PhysRevLett.107.141301",
      year           = "2011",
      eprint         = "1106.0650",
      archivePrefix  = "arXiv",
      primaryClass   = "astro-ph.CO",
      SLACcitation   = "%%CITATION = ARXIV:1106.0650;%%",
}

@article{Aalseth:2012if,
      author         = "Aalseth, C.E. and others",
      title          = "{CoGeNT: A Search for Low-Mass Dark Matter using p-type
                        Point Contact Germanium Detectors}",
      collaboration  = "CoGeNT Collaboration",
      journal        = "Physical Review D 88,",
      volume         = "012002",
      doi            = "10.1103/PhysRevD.88.012002",
      year           = "2013",
      eprint         = "1208.5737",
      archivePrefix  = "arXiv",
      primaryClass   = "astro-ph.CO",
      SLACcitation   = "%%CITATION = ARXIV:1208.5737;%%",
}

@article{IceCube:2011aj,
      author         = "Abbasi, R. and others",
      title          = "{Multi-year search for dark matter annihilations in the
                        Sun with the AMANDA-II and IceCube detectors}",
      collaboration  = "IceCube Collaboration",
      journal        = "Phys.Rev.",
      volume         = "D85",
      pages          = "042002",
      doi            = "10.1103/PhysRevD.85.042002",
      year           = "2012",
      eprint         = "1112.1840",
      archivePrefix  = "arXiv",
      primaryClass   = "astro-ph.HE",
      SLACcitation   = "%%CITATION = ARXIV:1112.1840;%%",
}

@article{Acciarri:2011zz,
      author         = "Acciarri, R. and Antonello, M. and Baibussinov, B. and
                        Benetti, P. and Calaprice, F. and others",
      title          = "{The WArP experiment}",
      journal        = "J.Phys.Conf.Ser.",
      volume         = "308",
      pages          = "012005",
      doi            = "10.1088/1742-6596/308/1/012005",
      year           = "2011",
      SLACcitation   = "%%CITATION = 00462,308,012005;%%",
}

@article{Ahlen:2009ev,
      author         = "Ahlen, S. and Afshordi, N. and Battat, J.B.R. and
                        Billard, J. and Bozorgnia, N. and others",
      title          = "{The case for a directional dark matter detector and the
                        status of current experimental efforts}",
      journal        = "Int.J.Mod.Phys.",
      volume         = "A25",
      pages          = "1-51",
      doi            = "10.1142/S0217751X10048172",
      year           = "2010",
      eprint         = "0911.0323",
      archivePrefix  = "arXiv",
      primaryClass   = "astro-ph.CO",
      SLACcitation   = "%%CITATION = ARXIV:0911.0323;%%",
}

@article{Ahlen:1987mn,
      author         = "Ahlen, S.P. and Avignone, F.T. and Brodzinski, R.L. and
                        Drukier, A.K. and Gelmini, G. and others",
      title          = "{Limits on Cold Dark Matter Candidates from an Ultralow
                        Background Germanium Spectrometer}",
      journal        = "Phys.Lett.",
      volume         = "B195",
      pages          = "603-608",
      doi            = "10.1016/0370-2693(87)91581-4",
      year           = "1987",
      SLACcitation   = "%%CITATION = PHLTA,B195,603;%%",
}

@article{Ahmed:2012vq,
      author         = "Ahmed, Z. and others",
      title          = "{Search for annual modulation in low-energy CDMS-II
                        data}",
      collaboration  = "CDMS Collaboration",
      year           = "2012",
      eprint         = "1203.1309",
      archivePrefix  = "arXiv",
      primaryClass   = "astro-ph.CO",
      reportNumber   = "FERMILAB-PUB-12-102-AE",
      SLACcitation   = "%%CITATION = ARXIV:1203.1309;%%",
}

@article{Ahmed:2009zw,
      author         = "Ahmed, Z. and others",
      title          = "{Dark Matter Search Results from the CDMS II Experiment}",
      collaboration  = "CDMS-II Collaboration",
      journal        = "Science",
      volume         = "327",
      pages          = "1619-1621",
      doi            = "10.1126/science.1186112",
      year           = "2010",
      eprint         = "0912.3592",
      archivePrefix  = "arXiv",
      primaryClass   = "astro-ph.CO",
      reportNumber   = "FERMILAB-PUB-09-637-AE",
      SLACcitation   = "%%CITATION = ARXIV:0912.3592;%%",
}

@article{Ahmed:2010wy,
      author         = "Ahmed, Z. and others",
      title          = "{Results from a Low-Energy Analysis of the CDMS II
                        Germanium Data}",
      collaboration  = "CDMS-II Collaboration",
      journal        = "Phys.Rev.Lett.",
      volume         = "106",
      pages          = "131302",
      doi            = "10.1103/PhysRevLett.106.131302",
      year           = "2011",
      eprint         = "1011.2482",
      archivePrefix  = "arXiv",
      primaryClass   = "astro-ph.CO",
      reportNumber   = "SLAC-PUB-15054, FERMILAB-PUB-10-456-AE-CD-E",
      SLACcitation   = "%%CITATION = ARXIV:1011.2482;%%",
}

@article{Akerib:2005zy,
      author         = "Akerib, D.S. and others",
      title          = "{Exclusion limits on the WIMP-nucleon cross section from
                        the first run of the Cryogenic Dark Matter Search in the
                        Soudan Underground Laboratory}",
      collaboration  = "CDMS Collaboration",
      journal        = "Phys.Rev.",
      volume         = "D72",
      pages          = "052009",
      doi            = "10.1103/PhysRevD.72.052009",
      year           = "2005",
      eprint         = "astro-ph/0507190",
      archivePrefix  = "arXiv",
      primaryClass   = "astro-ph",
      reportNumber   = "FERMILAB-PUB-05-456-E",
      SLACcitation   = "%%CITATION = ASTRO-PH/0507190;%%",
}

@article{Akimov:2006qw,
      author         = "Akimov, D. Yu. and Alner, G.J. and Araujo, H.M. and
                        Bewick, A. and Bungau, C. and others",
      title          = "{The ZEPLIN-III dark matter detector: instrument design,
                        manufacture and commissioning}",
      journal        = "Astropart.Phys.",
      volume         = "27",
      pages          = "46-60",
      doi            = "10.1016/j.astropartphys.2006.09.005",
      year           = "2007",
      eprint         = "astro-ph/0605500",
      archivePrefix  = "arXiv",
      primaryClass   = "astro-ph",
      SLACcitation   = "%%CITATION = ASTRO-PH/0605500;%%",
}

@article{Akimov:2011tj,
      author         = "Akimov, D. Yu. and Araujo, H.M. and Barnes, E.J. and
                        Belov, V.A. and Bewick, A. and others",
      title          = "{WIMP-nucleon cross-section results from the second
                        science run of ZEPLIN-III}",
      journal        = "Phys.Lett.",
      volume         = "B709",
      pages          = "14-20",
      doi            = "10.1016/j.physletb.2012.01.064",
      year           = "2012",
      eprint         = "1110.4769",
      archivePrefix  = "arXiv",
      primaryClass   = "astro-ph.CO",
      SLACcitation   = "%%CITATION = ARXIV:1110.4769;%%",
}

@article{Alenazi:2007sy,
      author         = "Alenazi, Moqbil S. and Gondolo, Paolo",
      title          = "{Directional recoil rates for WIMP direct detection}",
      journal        = "Phys.Rev.",
      volume         = "D77",
      pages          = "043532",
      doi            = "10.1103/PhysRevD.77.043532",
      year           = "2008",
      eprint         = "0712.0053",
      archivePrefix  = "arXiv",
      primaryClass   = "astro-ph",
      SLACcitation   = "%%CITATION = ARXIV:0712.0053;%%",
}

@article{Alner:2005xp,
      author         = "Alner, G.J. and Araujo, H. and Bewick, A. and Burgos, S.
                        and Carson, M.J. and others",
      title          = "{The DRIFT-II dark matter detector: Design and
                        commissioning}",
      journal        = "Nucl.Instrum.Meth.",
      volume         = "A555",
      pages          = "173-183",
      doi            = "10.1016/j.nima.2005.09.011",
      year           = "2005",
      SLACcitation   = "%%CITATION = NUIMA,A555,173;%%",
}

@article{Alner:2005kt,
      author         = "Alner, G.J. and others",
      title          = "{Limits on WIMP cross-sections from the NAIAD experiment
                        at the Boulby Underground Laboratory}",
      collaboration  = "UK Dark Matter Collaboration",
      journal        = "Phys.Lett.",
      volume         = "B616",
      pages          = "17-24",
      doi            = "10.1016/j.physletb.2000.09.001",
      year           = "2005",
      eprint         = "hep-ex/0504031",
      archivePrefix  = "arXiv",
      primaryClass   = "hep-ex",
      SLACcitation   = "%%CITATION = HEP-EX/0504031;%%",
}

@article{Alves:2009nf,
      author         = "Alves, Daniele S.M. and Behbahani, Siavosh R. and
                        Schuster, Philip and Wacker, Jay G.",
      title          = "{Composite Inelastic Dark Matter}",
      journal        = "Phys.Lett.",
      volume         = "B692",
      pages          = "323-326",
      doi            = "10.1016/j.physletb.2010.08.006",
      year           = "2010",
      eprint         = "0903.3945",
      archivePrefix  = "arXiv",
      primaryClass   = "hep-ph",
      reportNumber   = "SLAC-PUB-14773, SU-ITP-09-13",
      SLACcitation   = "%%CITATION = ARXIV:0903.3945;%%",
}

@article{Alves:2012ay,
      author         = "Alves, Daniele S.M. and Hedri, Sonia El and Wacker, Jay
                        G.",
      title          = "{Dark Matter in 3D}",
      year           = "2012",
      eprint         = "1204.5487",
      archivePrefix  = "arXiv",
      primaryClass   = "astro-ph.GA",
      reportNumber   = "FERMILAB-PUB-12-108-A",
      SLACcitation   = "%%CITATION = ARXIV:1204.5487;%%",
}

@article{Alves:2010pt,
      author         = "Alves, Daniele S.M. and Lisanti, Mariangela and Wacker,
                        Jay G.",
      title          = "{Poker face of inelastic dark matter: Prospects at
                        upcoming direct detection experiments}",
      journal        = "Phys.Rev.",
      volume         = "D82",
      pages          = "031901",
      doi            = "10.1103/PhysRevD.82.031901",
      year           = "2010",
      eprint         = "1005.5421",
      archivePrefix  = "arXiv",
      primaryClass   = "hep-ph",
      reportNumber   = "SLAC-PUB-14138",
      SLACcitation   = "%%CITATION = ARXIV:1005.5421;%%",
}

@article{Amare:2011zz,
      author         = "Amare, J. and Borjabad, S. and Cebrian, S. and Cuesta, C.
                        and Fortuno, D. and others",
      title          = "{Low energy events in NaI(Tl) scintillators. ANAIS status
                        and prospects}",
      journal        = "PoS",
      volume         = "IDM2010",
      pages          = "020",
      year           = "2011",
      SLACcitation   = "%%CITATION = POSCI,IDM2010,020;%%",
}

@article{An:2010kc,
      author         = "An, Haipeng and Chen, Shao-Long and Mohapatra, Rabindra
                        N. and Nussinov, Shmuel and Zhang, Yue",
      title          = "{Energy Dependence of Direct Detection Cross Section for
                        Asymmetric Mirror Dark Matter}",
      journal        = "Phys.Rev.",
      volume         = "D82",
      pages          = "023533",
      doi            = "10.1103/PhysRevD.82.023533",
      year           = "2010",
      eprint         = "1004.3296",
      archivePrefix  = "arXiv",
      primaryClass   = "hep-ph",
      SLACcitation   = "%%CITATION = ARXIV:1004.3296;%%",
}

@article{Angle:2007uj,
      author         = "Angle, J. and others",
      title          = "{First Results from the XENON10 Dark Matter Experiment at
                        the Gran Sasso National Laboratory}",
      collaboration  = "XENON Collaboration",
      journal        = "Phys.Rev.Lett.",
      volume         = "100",
      pages          = "021303",
      doi            = "10.1103/PhysRevLett.100.021303",
      year           = "2008",
      eprint         = "0706.0039",
      archivePrefix  = "arXiv",
      primaryClass   = "astro-ph",
      SLACcitation   = "%%CITATION = ARXIV:0706.0039;%%",
}

@article{Angle:2011th,
      author         = "Angle, J. and others",
      title          = "{A search for light dark matter in XENON10 data}",
      collaboration  = "XENON10 Collaboration",
      journal        = "Phys.Rev.Lett.",
      volume         = "107",
      pages          = "051301",
      doi            = "10.1103/PhysRevLett.107.051301",
      year           = "2011",
      eprint         = "1104.3088",
      archivePrefix  = "arXiv",
      primaryClass   = "astro-ph.CO",
      SLACcitation   = "%%CITATION = ARXIV:1104.3088;%%",
}

@article{Angloher:2011uu,
      author         = "Angloher, G. and Bauer, M. and Bavykina, I. and Bento, A.
                        and Bucci, C. and others",
      title          = "{Results from 730 kg days of the CRESST-II Dark Matter
                        Search}",
      journal        = "Eur.Phys.J.",
      volume         = "C72",
      pages          = "1971",
      doi            = "10.1140/epjc/s10052-012-1971-8",
      year           = "2012",
      eprint         = "1109.0702",
      archivePrefix  = "arXiv",
      primaryClass   = "astro-ph.CO",
      SLACcitation   = "%%CITATION = ARXIV:1109.0702;%%",
}

@article{Aprile:2012nq,
      author         = "Aprile, E. and others",
      title          = "{Dark Matter Results from 225 Live Days of XENON100
                        Data}",
      collaboration  = "XENON100 Collaboration",
      journal        = "Phys.Rev.Lett.",
      volume         = "109",
      pages          = "181301",
      doi            = "10.1103/PhysRevLett.109.181301",
      year           = "2012",
      eprint         = "1207.5988",
      archivePrefix  = "arXiv",
      primaryClass   = "astro-ph.CO",
      SLACcitation   = "%%CITATION = ARXIV:1207.5988;%%",
}

@article{Aprile:2010bt,
      author         = "Aprile, E. and others",
      title          = "{Design and Performance of the XENON10 Dark Matter
                        Experiment}",
      collaboration  = "XENON Collaboration",
      journal        = "Astropart.Phys.",
      volume         = "34",
      pages          = "679-698",
      doi            = "10.1016/j.astropartphys.2011.01.006",
      year           = "2011",
      eprint         = "1001.2834",
      archivePrefix  = "arXiv",
      primaryClass   = "astro-ph.IM",
      SLACcitation   = "%%CITATION = ARXIV:1001.2834;%%",
}

@article{Aprile:2011ts,
      author         = "Aprile, E. and others",
      title          = "{Implications on Inelastic Dark Matter from 100 Live Days
                        of XENON100 Data}",
      collaboration  = "XENON100 Collaboration",
      journal        = "Phys.Rev.",
      volume         = "D84",
      pages          = "061101",
      doi            = "10.1103/PhysRevD.84.061101",
      year           = "2011",
      eprint         = "1104.3121",
      archivePrefix  = "arXiv",
      primaryClass   = "astro-ph.CO",
      SLACcitation   = "%%CITATION = ARXIV:1104.3121;%%",
}

@article{Aprile:2011dd,
      author         = "Aprile, E. and others",
      title          = "{The XENON100 Dark Matter Experiment}",
      collaboration  = "XENON100 Collaboration",
      journal        = "Astropart.Phys.",
      volume         = "35",
      pages          = "573-590",
      doi            = "10.1016/j.astropartphys.2012.01.003",
      year           = "2012",
      eprint         = "1107.2155",
      archivePrefix  = "arXiv",
      primaryClass   = "astro-ph.IM",
      SLACcitation   = "%%CITATION = ARXIV:1107.2155;%%",
}

@article{Aprile:2012zx,
      author         = "Aprile, Elena",
      title          = "{The XENON1T Dark Matter Search Experiment}",
      collaboration  = "XENON1T collaboration",
      year           = "2012",
      eprint         = "1206.6288",
      archivePrefix  = "arXiv",
      primaryClass   = "astro-ph.IM",
      SLACcitation   = "%%CITATION = ARXIV:1206.6288;%%",
}

@article{Archambault:2009sm,
      author         = "Archambault, S. and Aubin, F. and Auger, M. and Behnke,
                        E. and Beltran, B. and others",
      title          = "{Dark Matter Spin-Dependent Limits for WIMP Interactions
                        on F-19 by PICASSO}",
      journal        = "Phys.Lett.",
      volume         = "B682",
      pages          = "185-192",
      doi            = "10.1016/j.physletb.2009.11.019",
      year           = "2009",
      eprint         = "0907.0307",
      archivePrefix  = "arXiv",
      primaryClass   = "hep-ex",
      SLACcitation   = "%%CITATION = ARXIV:0907.0307;%%",
}

@article{Archambault:2012pm,
      author         = "Archambault, S. and others",
      title          = "{Constraints on Low-Mass WIMP Interactions on $^{19}F$
                        from PICASSO}",
      collaboration  = "PICASSO Collaboration",
      journal        = "Phys.Lett.",
      volume         = "B711",
      pages          = "153-161",
      doi            = "10.1016/j.physletb.2012.03.078",
      year           = "2012",
      eprint         = "1202.1240",
      archivePrefix  = "arXiv",
      primaryClass   = "hep-ex",
      SLACcitation   = "%%CITATION = ARXIV:1202.1240;%%",
}
@article{Arina:2011zh,
      author         = "Arina, Chiara and Hamann, Jan and Trotta, Roberto and
                        Wong, Yvonne Y.Y.",
      title          = "{Evidence for dark matter modulation in CoGeNT}",
      journal        = "JCAP",
      volume         = "1203",
      pages          = "008",
      doi            = "10.1088/1475-7516/2012/03/008",
      year           = "2012",
      eprint         = "1111.3238",
      archivePrefix  = "arXiv",
      primaryClass   = "hep-ph",
      SLACcitation   = "%%CITATION = ARXIV:1111.3238;%%",
}

@article{Armengaud:2012pfa,
      author         = "Armengaud, E. and others",
      title          = "{A search for low-mass WIMPs with EDELWEISS-II
                        heat-and-ionization detectors}",
      collaboration  = "EDELWEISS Collaboration",
      journal        = "Phys.Rev.",
      volume         = "D86",
      pages          = "051701",
      doi            = "10.1103/PhysRevD.86.051701",
      year           = "2012",
      eprint         = "1207.1815",
      archivePrefix  = "arXiv",
      primaryClass   = "astro-ph.CO",
      SLACcitation   = "%%CITATION = ARXIV:1207.1815;%%",
}

@article{Armengaud:2011cy,
      author         = "Armengaud, E. and others",
      title          = "{Final results of the EDELWEISS-II WIMP search using a
                        4-kg array of cryogenic germanium detectors with
                        interleaved electrodes}",
      collaboration  = "EDELWEISS Collaboration",
      journal        = "Phys.Lett.",
      volume         = "B702",
      pages          = "329-335",
      doi            = "10.1016/j.physletb.2011.07.034",
      year           = "2011",
      eprint         = "1103.4070",
      archivePrefix  = "arXiv",
      primaryClass   = "astro-ph.CO",
      SLACcitation   = "%%CITATION = ARXIV:1103.4070;%%",
}

@ARTICLE{Babcock:1939,
   author = {{Babcock}, H.~W.},
    title = "{The rotation of the Andromeda Nebula}",
  journal = {Lick Observatory Bulletin},
 keywords = {ANDROMEDA GALAXY},
     year = 1939,
   volume = 19,
    pages = {41},
   adsurl = {http://adsabs.harvard.edu/abs/1939LicOB..19...41B},
  adsnote = {Provided by the SAO/NASA Astrophysics Data System}
}

@article{BarnabeHeider:2005ri,
      author         = "Barnabe-Heider, M. and others",
      title          = "{Response of superheated droplet detectors of the picasso
                        dark matter search experiment}",
      collaboration  = "PICASSO Collaboration",
      journal        = "Nucl.Instrum.Meth.",
      volume         = "A555",
      pages          = "184-204",
      doi            = "10.1016/j.nima.2005.09.015",
      year           = "2005",
      eprint         = "physics/0508098",
      archivePrefix  = "arXiv",
      primaryClass   = "physics",
      SLACcitation   = "%%CITATION = PHYSICS/0508098;%%",
}

@article{Baushev:2012dm,
      author         = "Baushev, A.N.",
      title          = "{Extragalactic dark matter and direct detection
                        experiments}",
      journal        = "Astrophys.J.",
      volume         = "771",
      pages          = "117",
      doi            = "10.1088/0004-637X/771/2/117",
      year           = "2013",
      eprint         = "1208.0392",
      archivePrefix  = "arXiv",
      primaryClass   = "astro-ph.CO",
      SLACcitation   = "%%CITATION = ARXIV:1208.0392;%%",
}

@article{Bednyakov:2004xq,
      author         = "Bednyakov, V.A. and Simkovic, F.",
      title          = "{Nuclear spin structure in dark matter search: The Zero
                        momentum transfer limit}",
      journal        = "Phys.Part.Nucl.",
      volume         = "36",
      pages          = "131-152",
      year           = "2005",
      eprint         = "hep-ph/0406218",
      archivePrefix  = "arXiv",
      primaryClass   = "hep-ph",
      SLACcitation   = "%%CITATION = HEP-PH/0406218;%%",
}

@article{Bednyakov:2006ux,
      author         = "Bednyakov, V.A. and Simkovic, F.",
      title          = "{Nuclear spin structure in dark matter search: The Finite
                        momentum transfer limit}",
      journal        = "Phys.Part.Nucl.",
      volume         = "37",
      pages          = "S106-S128",
      doi            = "10.1134/S1063779606070057",
      year           = "2006",
      eprint         = "hep-ph/0608097",
      archivePrefix  = "arXiv",
      primaryClass   = "hep-ph",
      SLACcitation   = "%%CITATION = HEP-PH/0608097;%%",
}

@article{Behnke:2012ys,
      author         = "Behnke, E. and others",
      title          = "{First Dark Matter Search Results from a 4-kg CF$_3$I
                        Bubble Chamber Operated in a Deep Underground Site}",
      collaboration  = "COUPP Collaboration",
      journal        = "Phys.Rev.",
      volume         = "D86",
      pages          = "052001",
      doi            = "10.1103/PhysRevD.86.052001",
      year           = "2012",
      eprint         = "1204.3094",
      archivePrefix  = "arXiv",
      primaryClass   = "astro-ph.CO",
      reportNumber   = "FERMILAB-PUB-12-098-AD-AE-CD-E-PPD",
      SLACcitation   = "%%CITATION = ARXIV:1204.3094;%%",
}

@article{Belokurov:2006ms,
      author         = "Belokurov, V. and Zucker, D.B. and Evans, N.W. and
                        Gilmore, G. and Vidrih, S. and others",
      title          = "{The Field of Streams: Sagittarius and its Siblings}",
      journal        = "Astrophys.J.",
      volume         = "642",
      pages          = "L137-L140",
      doi            = "10.1086/504797",
      year           = "2006",
      eprint         = "astro-ph/0605025",
      archivePrefix  = "arXiv",
      primaryClass   = "astro-ph",
      SLACcitation   = "%%CITATION = ASTRO-PH/0605025;%%",
}

@article{Bergstrom:2000pn,
      author         = "Bergstrom, Lars",
      title          = "{Nonbaryonic dark matter: Observational evidence and
                        detection methods}",
      journal        = "Rept.Prog.Phys.",
      volume         = "63",
      pages          = "793",
      doi            = "10.1088/0034-4885/63/5/2r3",
      year           = "2000",
      eprint         = "hep-ph/0002126",
      archivePrefix  = "arXiv",
      primaryClass   = "hep-ph",
      SLACcitation   = "%%CITATION = HEP-PH/0002126;%%",
}

@article{Bernabei:2012wp,
      author         = "Bernabei, R. and Belli, P. and Cappella, F. and
                        Caracciolo, V. and Cerulli, R. and others",
      title          = "{No role for muons in the DAMA annual modulation
                        results}",
      journal        = "Eur.Phys.J.",
      volume         = "C72",
      pages          = "2064",
      doi            = "10.1140/epjc/s10052-012-2064-4",
      year           = "2012",
      eprint         = "1202.4179",
      archivePrefix  = "arXiv",
      primaryClass   = "astro-ph.GA",
      SLACcitation   = "%%CITATION = ARXIV:1202.4179;%%",
}

@article{Bernabei:2010mq,
      author         = "Bernabei, R. and others",
      title          = "{New results from DAMA/LIBRA}",
      collaboration  = "DAMA Collaboration, LIBRA Collaboration",
      journal        = "Eur.Phys.J.",
      volume         = "C67",
      pages          = "39-49",
      doi            = "10.1140/epjc/s10052-010-1303-9",
      year           = "2010",
      eprint         = "1002.1028",
      archivePrefix  = "arXiv",
      primaryClass   = "astro-ph.GA",
      SLACcitation   = "%%CITATION = ARXIV:1002.1028;%%",
}

@article{Bernabei:1996vj,
      author         = "Bernabei, R. and Belli, P. and Landoni, V. and
                        Montecchia, F. and Di Nicolantonio, W. and others",
      title          = "{New limits on WIMP search with large-mass
                        low-radioactivity NaI(Tl) set-up at Gran Sasso}",
      journal        = "Phys.Lett.",
      volume         = "B389",
      pages          = "757-766",
      doi            = "10.1016/S0370-2693(96)01483-9",
      year           = "1996",
      SLACcitation   = "%%CITATION = PHLTA,B389,757;%%",
}

@article{Bernabei:2008yh,
      author         = "Bernabei, R. and others",
      title          = "{The DAMA/LIBRA apparatus}",
      collaboration  = "DAMA Collaboration",
      journal        = "Nucl.Instrum.Meth.",
      volume         = "A592",
      pages          = "297-315",
      doi            = "10.1016/j.nima.2008.04.082",
      year           = "2008",
      eprint         = "0804.2738",
      archivePrefix  = "arXiv",
      primaryClass   = "astro-ph",
      reportNumber   = "ROM2F-2008-03",
      SLACcitation   = "%%CITATION = ARXIV:0804.2738;%%",
}

@article{Bernabei:2003za,
      author         = "Bernabei, R. and Belli, Pierluigi and Cappella, F. and
                        Cerulli, R. and Montecchia, F. and others",
      title          = "{Dark matter search}",
      journal        = "Riv.Nuovo Cim.",
      volume         = "26N1",
      pages          = "1-73",
      year           = "2003",
      eprint         = "astro-ph/0307403",
      archivePrefix  = "arXiv",
      primaryClass   = "astro-ph",
      SLACcitation   = "%%CITATION = ASTRO-PH/0307403;%%",
}

@article{Bertone:2004pz,
      author         = "Bertone, Gianfranco and Hooper, Dan and Silk, Joseph",
      title          = "{Particle dark matter: Evidence, candidates and
                        constraints}",
      journal        = "Phys.Rept.",
      volume         = "405",
      pages          = "279-390",
      doi            = "10.1016/j.physrep.2004.08.031",
      year           = "2005",
      eprint         = "hep-ph/0404175",
      archivePrefix  = "arXiv",
      primaryClass   = "hep-ph",
      reportNumber   = "FERMILAB-PUB-04-047-A",
      SLACcitation   = "%%CITATION = HEP-PH/0404175;%%",
}

@article{Bertschinger:1900nj,
      author         = "Bertschinger, E.",
      title          = "{The self-similar evolution of holes in an Einstein-de
                        Sitter universe}",
      journal        = "Astrophys.J.Suppl.",
      volume         = "58",
      pages          = "1",
      doi            = "10.1086/191027",
      year           = "1985",
      SLACcitation   = "%%CITATION = APJSA,58,1;%%",
}

@article{Blum:2011jf,
      author         = "Blum, Kfir",
      title          = "{DAMA vs. the annually modulated muon background}",
      year           = "2011",
      eprint         = "1110.0857",
      archivePrefix  = "arXiv",
      primaryClass   = "astro-ph.HE",
      SLACcitation   = "%%CITATION = ARXIV:1110.0857;%%",
}

@article{Bottino:2003iu,
      author         = "Bottino, A. and Donato, F. and Fornengo, N. and Scopel,
                        S.",
      title          = "{Lower bound on the neutralino mass from new data on CMB
                        and implications for relic neutralinos}",
      journal        = "Phys.Rev.",
      volume         = "D68",
      pages          = "043506",
      doi            = "10.1103/PhysRevD.68.043506",
      year           = "2003",
      eprint         = "hep-ph/0304080",
      archivePrefix  = "arXiv",
      primaryClass   = "hep-ph",
      reportNumber   = "DFTT-4-2003",
      SLACcitation   = "%%CITATION = HEP-PH/0304080;%%",
}

@article{Bottino:2003cz,
      author         = "Bottino, A. and Donato, F. and Fornengo, N. and Scopel,
                        S.",
      title          = "{Light neutralinos and WIMP direct searches}",
      journal        = "Phys.Rev.",
      volume         = "D69",
      pages          = "037302",
      doi            = "10.1103/PhysRevD.69.037302",
      year           = "2004",
      eprint         = "hep-ph/0307303",
      archivePrefix  = "arXiv",
      primaryClass   = "hep-ph",
      reportNumber   = "DFTT-16-2003",
      SLACcitation   = "%%CITATION = HEP-PH/0307303;%%",
}

@article{Bovy:2009dr,
      author         = "Bovy, Jo and Hogg, David W. and Rix, Hans-Walter",
      title          = "{Galactic masers and the Milky Way circular velocity}",
      journal        = "Astrophys.J.",
      volume         = "704",
      pages          = "1704-1709",
      doi            = "10.1088/0004-637X/704/2/1704",
      year           = "2009",
      eprint         = "0907.5423",
      archivePrefix  = "arXiv",
      primaryClass   = "astro-ph.GA",
      SLACcitation   = "%%CITATION = ARXIV:0907.5423;%%",
}

@article{Bovy:2012tw,
      author         = "Bovy, Jo and Tremaine, Scott",
      title          = "{On the local dark matter density}",
      journal        = "Astrophys.J.",
      volume         = "756",
      pages          = "89",
      doi            = "10.1088/0004-637X/756/1/89",
      year           = "2012",
      eprint         = "1205.4033",
      archivePrefix  = "arXiv",
      primaryClass   = "astro-ph.GA",
      SLACcitation   = "%%CITATION = ARXIV:1205.4033;%%",
}

@article{Bozorgnia:2011vc,
      author         = "Bozorgnia, Nassim and Gelmini, Graciela B. and Gondolo,
                        Paolo",
      title          = "{Ring-like features in directional dark matter
                        detection}",
      journal        = "JCAP",
      volume         = "1206",
      pages          = "037",
      doi            = "10.1088/1475-7516/2012/06/037",
      year           = "2012",
      eprint         = "1111.6361",
      archivePrefix  = "arXiv",
      primaryClass   = "astro-ph.CO",
      SLACcitation   = "%%CITATION = ARXIV:1111.6361;%%",
}

@article{Bruch:2008rx,
      author         = "Bruch, T. and Read, J. and Baudis, L. and Lake, G.",
      title          = "{Detecting the Milky Way's Dark Disk}",
      journal        = "Astrophys.J.",
      volume         = "696",
      pages          = "920-923",
      doi            = "10.1088/0004-637X/696/1/920",
      year           = "2009",
      eprint         = "0804.2896",
      archivePrefix  = "arXiv",
      primaryClass   = "astro-ph",
      SLACcitation   = "%%CITATION = ARXIV:0804.2896;%%",
}

@article{Caldwell:1981rj,
      author         = "Caldwell, J.A.R. and Ostriker, J.P.",
      title          = "{The Mass distribution within our Galaxy: A Three
                        component model}",
      journal        = "Astrophys.J.",
      volume         = "251",
      pages          = "61-87",
      doi            = "10.1086/159441",
      year           = "1981",
      SLACcitation   = "%%CITATION = ASJOA,251,61;%%",
}

@article{Carlin:2011bc,
      author         = "Carlin, Jeffrey L. and Majewski, Steven R. and
                        Casetti-Dinescu, Dana I. and Law, David R. and Girard,
                        Terrence M. and others",
      title          = "{Kinematics and Chemistry of Stars Along the Sagittarius
                        Trailing Tidal Tail and Constraints on the Milky Way Mass
                        Distribution}",
      journal        = "Astrophys.J.",
      volume         = "744",
      pages          = "25",
      doi            = "10.1088/0004-637X/744/1/25",
      year           = "2012",
      eprint         = "1111.0014",
      archivePrefix  = "arXiv",
      primaryClass   = "astro-ph.GA",
      SLACcitation   = "%%CITATION = ARXIV:1111.0014;%%",
}

@article{Catena:2009mf,
      author         = "Catena, Riccardo and Ullio, Piero",
      title          = "{A novel determination of the local dark matter density}",
      journal        = "JCAP",
      volume         = "1008",
      pages          = "004",
      doi            = "10.1088/1475-7516/2010/08/004",
      year           = "2010",
      eprint         = "0907.0018",
      archivePrefix  = "arXiv",
      primaryClass   = "astro-ph.CO",
      SLACcitation   = "%%CITATION = ARXIV:0907.0018;%%",
}

@article{Chang:2010yk,
      author         = "Chang, Spencer and Liu, Jia and Pierce, Aaron and Weiner,
                        Neal and Yavin, Itay",
      title          = "{CoGeNT Interpretations}",
      journal        = "JCAP",
      volume         = "1008",
      pages          = "018",
      doi            = "10.1088/1475-7516/2010/08/018",
      year           = "2010",
      eprint         = "1004.0697",
      archivePrefix  = "arXiv",
      primaryClass   = "hep-ph",
      reportNumber   = "MCTP-10-16",
      SLACcitation   = "%%CITATION = ARXIV:1004.0697;%%",
}

@article{Chang:2008xa,
      author         = "Chang, Spencer and Pierce, Aaron and Weiner, Neal",
      title          = "{Using the Energy Spectrum at DAMA/LIBRA to Probe Light
                        Dark Matter}",
      journal        = "Phys.Rev.",
      volume         = "D79",
      pages          = "115011",
      doi            = "10.1103/PhysRevD.79.115011",
      year           = "2009",
      eprint         = "0808.0196",
      archivePrefix  = "arXiv",
      primaryClass   = "hep-ph",
      reportNumber   = "MCTP-08-5",
      SLACcitation   = "%%CITATION = ARXIV:0808.0196;%%",
}

@article{Chang:2009yt,
      author         = "Chang, Spencer and Pierce, Aaron and Weiner, Neal",
      title          = "{Momentum Dependent Dark Matter Scattering}",
      journal        = "JCAP",
      volume         = "1001",
      pages          = "006",
      doi            = "10.1088/1475-7516/2010/01/006",
      year           = "2010",
      eprint         = "0908.3192",
      archivePrefix  = "arXiv",
      primaryClass   = "hep-ph",
      reportNumber   = "MCTP-09-42",
      SLACcitation   = "%%CITATION = ARXIV:0908.3192;%%",
}

@article{Chang:2011eb,
      author         = "Chang, Spencer and Pradler, Josef and Yavin, Itay",
      title          = "{Statistical Tests of Noise and Harmony in Dark Matter
                        Modulation Signals}",
      journal        = "Phys.Rev.",
      volume         = "D85",
      pages          = "063505",
      doi            = "10.1103/PhysRevD.85.063505",
      year           = "2012",
      eprint         = "1111.4222",
      archivePrefix  = "arXiv",
      primaryClass   = "hep-ph",
      SLACcitation   = "%%CITATION = ARXIV:1111.4222;%%",
}

@article{Chang:2010en,
      author         = "Chang, Spencer and Weiner, Neal and Yavin, Itay",
      title          = "{Magnetic Inelastic Dark Matter}",
      journal        = "Phys.Rev.",
      volume         = "D82",
      pages          = "125011",
      doi            = "10.1103/PhysRevD.82.125011",
      year           = "2010",
      eprint         = "1007.4200",
      archivePrefix  = "arXiv",
      primaryClass   = "hep-ph",
      SLACcitation   = "%%CITATION = ARXIV:1007.4200;%%",
}

@article{Chaudhury:2010hj,
      author         = "Chaudhury, Soumini and Bhattacharjee, Pijushpani and
                        Cowsik, Ramanath",
      title          = "{Direct detection of WIMPs : Implications of a
                        self-consistent truncated isothermal model of the Milky
                        Way's dark matter halo}",
      journal        = "JCAP",
      volume         = "1009",
      pages          = "020",
      doi            = "10.1088/1475-7516/2010/09/020",
      year           = "2010",
      eprint         = "1006.5588",
      archivePrefix  = "arXiv",
      primaryClass   = "astro-ph.CO",
      reportNumber   = "SINP-APC-2010-02",
      SLACcitation   = "%%CITATION = ARXIV:1006.5588;%%",
}

@article{Cherwinka:2011ij,
      author         = "Cherwinka, J. and Co, R. and Cowen, D.F. and Grant, D.
                        and Halzen, F. and others",
      title          = "{A Search for the Dark Matter Annual Modulation in South
                        Pole Ice}",
      journal        = "Astropart.Phys.",
      volume         = "35",
      pages          = "749-754",
      doi            = "10.1016/j.astropartphys.2012.03.003",
      year           = "2012",
      eprint         = "1106.1156",
      archivePrefix  = "arXiv",
      primaryClass   = "astro-ph.HE",
      SLACcitation   = "%%CITATION = ARXIV:1106.1156;%%",
}

@article{Cirigliano:2012pq,
      author         = "Cirigliano, Vincenzo and Graesser, Michael L. and
                        Ovanesyan, Grigory",
      title          = "{WIMP-nucleus scattering in chiral effective theory}",
      journal        = "JHEP",
      volume         = "1210",
      pages          = "025",
      doi            = "10.1007/JHEP10(2012)025",
      year           = "2012",
      eprint         = "1205.2695",
      archivePrefix  = "arXiv",
      primaryClass   = "hep-ph",
      SLACcitation   = "%%CITATION = ARXIV:1205.2695;%%",
}

@article{Collar:2010gg,
      author         = "Collar, J.I. and McKinsey, D.N.",
      title          = "{Comments on 'First Dark Matter Results from the XENON100
                        Experiment'}",
      year           = "2010",
      eprint         = "1005.0838",
      archivePrefix  = "arXiv",
      primaryClass   = "astro-ph.CO",
      SLACcitation   = "%%CITATION = ARXIV:1005.0838;%%",
}

@MISC{Collar:2011pc,
  author       = "Collar, J.",
  howpublished = "Private communication",
  year         = "2012",
}

@article{Collar:2012ed,
      author         = "Collar, J.I. and Fields, N.E.",
      title          = "{A Maximum Likelihood Analysis of Low-Energy CDMS Data}",
      year           = "2012",
      eprint         = "1204.3559",
      archivePrefix  = "arXiv",
      primaryClass   = "astro-ph.CO",
      SLACcitation   = "%%CITATION = ARXIV:1204.3559;%%",
}

@article{Copi:1999pw,
      author         = "Copi, Craig J. and Heo, Junseong and Krauss, Lawrence M.",
      title          = "{Directional sensitivity, WIMP detection, and the
                        galactic halo}",
      journal        = "Phys.Lett.",
      volume         = "B461",
      pages          = "43-48",
      doi            = "10.1016/S0370-2693(99)00830-8",
      year           = "1999",
      eprint         = "hep-ph/9904499",
      archivePrefix  = "arXiv",
      primaryClass   = "hep-ph",
      reportNumber   = "CWRU-P18-99",
      SLACcitation   = "%%CITATION = HEP-PH/9904499;%%",
}

@article{Copi:2000tv,
      author         = "Copi, Craig J. and Krauss, Lawrence M.",
      title          = "{Angular signatures for galactic halo WIMP scattering in
                        direct detectors: Prospects and challenges}",
      journal        = "Phys.Rev.",
      volume         = "D63",
      pages          = "043507",
      doi            = "10.1103/PhysRevD.63.043507",
      year           = "2001",
      eprint         = "astro-ph/0009467",
      archivePrefix  = "arXiv",
      primaryClass   = "astro-ph",
      reportNumber   = "CWRU-P8-00",
      SLACcitation   = "%%CITATION = ASTRO-PH/0009467;%%",
}

@article{Coron:2011zz,
      author         = "Coron, N. and Gironnet, J. and de Marcillac, P. and
                        Martinez, M. and Redon, T. and others",
      title          = "{2010 update on the ROSEBUD project}",
      journal        = "PoS",
      volume         = "IDM2010",
      pages          = "054",
      year           = "2011",
      SLACcitation   = "%%CITATION = POSCI,IDM2010,054;%%",
}

@article{Daw:2010ud,
      author         = "Daw, E. and Fox, J.R. and Gauvreau, J.L. and Ghag, C. and
                        Harmon, L.J. and others",
      title          = "{Spin-Dependent Limits from the DRIFT-IId Directional
                        Dark Matter Detector}",
      journal        = "Astropart.Phys.",
      volume         = "35",
      pages          = "397-401",
      doi            = "10.1016/j.astropartphys.2011.11.003",
      year           = "2012",
      eprint         = "1010.3027",
      archivePrefix  = "arXiv",
      primaryClass   = "astro-ph.CO",
      SLACcitation   = "%%CITATION = ARXIV:1010.3027;%%",
}

@article{Debattista:2007yz,
      author         = "Debattista, Victor P. and Moore, Ben and Quinn, Thomas R.
                        and Kazantzidis, Stelios and Maas, Ryan and others",
      title          = "{The Causes of Halo Shape Changes Induced by Cooling
                        Baryons: Disks Versus Substructures}",
      journal        = "Astrophys.J.",
      year           = "2007",
      eprint         = "0707.0737",
      archivePrefix  = "arXiv",
      primaryClass   = "astro-ph",
      reportNumber   = "SLAC-PUB-12670",
      SLACcitation   = "%%CITATION = ARXIV:0707.0737;%%",
}

@article{Desai:2004pq,
      author         = "Desai, S. and others",
      title          = "{Search for dark matter WIMPs using upward through-going
                        muons in Super-Kamiokande}",
      collaboration  = "Super-Kamiokande Collaboration",
      journal        = "Phys.Rev.",
      volume         = "D70",
      pages          = "083523",
      doi            = "10.1103/PhysRevD.70.083523, 10.1103/PhysRevD.70.109901",
      year           = "2004",
      eprint         = "hep-ex/0404025",
      archivePrefix  = "arXiv",
      primaryClass   = "hep-ex",
      SLACcitation   = "%%CITATION = HEP-EX/0404025;%%",
}

@article{Diemand:2008in,
      author         = "Diemand, J. and Kuhlen, M. and Madau, P. and Zemp, M. and
                        Moore, B. and others",
      title          = "{Clumps and streams in the local dark matter
                        distribution}",
      journal        = "Nature",
      volume         = "454",
      pages          = "735-738",
      doi            = "10.1038/nature07153",
      year           = "2008",
      eprint         = "0805.1244",
      archivePrefix  = "arXiv",
      primaryClass   = "astro-ph",
      SLACcitation   = "%%CITATION = ARXIV:0805.1244;%%",
}

@article{Diemand:2006ik,
      author         = "Diemand, Jurg and Kuhlen, Michael and Madau, Piero",
      title          = "{Dark matter substructure and gamma-ray annihilation in
                        the Milky Way halo}",
      journal        = "Astrophys.J.",
      volume         = "657",
      pages          = "262-270",
      doi            = "10.1086/510736",
      year           = "2007",
      eprint         = "astro-ph/0611370",
      archivePrefix  = "arXiv",
      primaryClass   = "astro-ph",
      SLACcitation   = "%%CITATION = ASTRO-PH/0611370;%%",
}

@article{DohmPalmer:2001xp,
      author         = "Dohm-Palmer, R.C. and Helmi, A. and Morrison, H. and
                        Mateo, M. and Olszewski, E.W. and others",
      title          = "{Mapping the galactic halo. v. sgr dsph tidal debris 60
                        degrees from the main body}",
      journal        = "Astrophys.J.",
      volume         = "555",
      pages          = "L37-L40",
      doi            = "10.1086/321734",
      year           = "2001",
      eprint         = "astro-ph/0105536",
      archivePrefix  = "arXiv",
      primaryClass   = "astro-ph",
      SLACcitation   = "%%CITATION = ASTRO-PH/0105536;%%",
}

@article{Drees:2007hr,
      author         = "Drees, Manuel and Shan, Chung-Lin",
      title          = "{Reconstructing the Velocity Distribution of WIMPs from
                        Direct Dark Matter Detection Data}",
      journal        = "JCAP",
      volume         = "0706",
      pages          = "011",
      doi            = "10.1088/1475-7516/2007/06/011",
      year           = "2007",
      eprint         = "astro-ph/0703651",
      archivePrefix  = "arXiv",
      primaryClass   = "ASTRO-PH",
      SLACcitation   = "%%CITATION = ASTRO-PH/0703651;%%",
}

@article{Drees:2008bv,
      author         = "Drees, Manuel and Shan, Chung-Lin",
      title          = "{Model-Independent Determination of the WIMP Mass from
                        Direct Dark Matter Detection Data}",
      journal        = "JCAP",
      volume         = "0806",
      pages          = "012",
      doi            = "10.1088/1475-7516/2008/06/012",
      year           = "2008",
      eprint         = "0803.4477",
      archivePrefix  = "arXiv",
      primaryClass   = "hep-ph",
      reportNumber   = "KIAS-P08026",
      SLACcitation   = "%%CITATION = ARXIV:0803.4477;%%",
}

@article{Drukier:1983gj,
      author         = "Drukier, A. and Stodolsky, Leo",
      title          = "{Principles and Applications of a Neutral Current
                        Detector for Neutrino Physics and Astronomy}",
      journal        = "Phys.Rev.",
      volume         = "D30",
      pages          = "2295",
      doi            = "10.1103/PhysRevD.30.2295",
      year           = "1984",
      reportNumber   = "MPI-PAE/PTh 36/82",
      SLACcitation   = "%%CITATION = PHRVA,D30,2295;%%",
}

@article{Drukier:1986tm,
      author         = "Drukier, A.K. and Freese, K. and Spergel, D.N.",
      title          = "{Detecting Cold Dark Matter Candidates}",
      journal        = "Phys.Rev.",
      volume         = "D33",
      pages          = "3495-3508",
      doi            = "10.1103/PhysRevD.33.3495",
      year           = "1986",
      SLACcitation   = "%%CITATION = PHRVA,D33,3495;%%",
}

@article{Drukier:2012hj,
      author         = "Drukier, Andrzej and Freese, Katherine and Spergel, David
                        and Cantor, Charles and Church, George and others",
      title          = "{New Dark Matter Detectors using DNA for Nanometer
                        Tracking}",
      year           = "2012",
      eprint         = "1206.6809",
      archivePrefix  = "arXiv",
      primaryClass   = "astro-ph.IM",
      reportNumber   = "MCTP-12-14",
      SLACcitation   = "%%CITATION = ARXIV:1206.6809;%%",
}

@article{Dubinski:1991bm,
      author         = "Dubinski, John and Carlberg, R.G.",
      title          = "{The Structure of cold dark matter halos}",
      journal        = "Astrophys.J.",
      volume         = "378",
      pages          = "496",
      doi            = "10.1086/170451",
      year           = "1991",
      SLACcitation   = "%%CITATION = ASJOA,378,496;%%",
}

@article{Duda:2006uk,
      author         = "Duda, Gintaras and Kemper, Ann and Gondolo, Paolo",
      title          = "{Model Independent Form Factors for Spin Independent
                        Neutralino-Nucleon Scattering from Elastic Electron
                        Scattering Data}",
      journal        = "JCAP",
      volume         = "0704",
      pages          = "012",
      doi            = "10.1088/1475-7516/2007/04/012",
      year           = "2007",
      eprint         = "hep-ph/0608035",
      archivePrefix  = "arXiv",
      primaryClass   = "hep-ph",
      SLACcitation   = "%%CITATION = HEP-PH/0608035;%%",
}

@article{Duffy:2008dk,
      author         = "Duffy, L.D. and Sikivie, P.",
      title          = "{The Caustic Ring Model of the Milky Way Halo}",
      journal        = "Phys.Rev.",
      volume         = "D78",
      pages          = "063508",
      doi            = "10.1103/PhysRevD.78.063508",
      year           = "2008",
      eprint         = "0805.4556",
      archivePrefix  = "arXiv",
      primaryClass   = "astro-ph",
      reportNumber   = "LAUR-08-0789, UFIFT-HET-08-8",
      SLACcitation   = "%%CITATION = ARXIV:0805.4556;%%",
}

@article{Essig:2012yx,
      author         = "Essig, Rouven and Manalaysay, Aaron and Mardon, Jeremy
                        and Sorensen, Peter and Volansky, Tomer",
      title          = "{First Direct Detection Limits on sub-GeV Dark Matter
                        from XENON10}",
      journal        = "Phys.Rev.Lett.",
      volume         = "109",
      pages          = "021301",
      doi            = "10.1103/PhysRevLett.109.021301",
      year           = "2012",
      eprint         = "1206.2644",
      archivePrefix  = "arXiv",
      primaryClass   = "astro-ph.CO",
      reportNumber   = "YITP-SB-01-12",
      SLACcitation   = "%%CITATION = ARXIV:1206.2644;%%",
}

@article{Essig:2011nj,
      author         = "Essig, Rouven and Mardon, Jeremy and Volansky, Tomer",
      title          = "{Direct Detection of Sub-GeV Dark Matter}",
      journal        = "Phys.Rev.",
      volume         = "D85",
      pages          = "076007",
      doi            = "10.1103/PhysRevD.85.076007",
      year           = "2012",
      eprint         = "1108.5383",
      archivePrefix  = "arXiv",
      primaryClass   = "hep-ph",
      reportNumber   = "SLAC-PUB-14538",
      SLACcitation   = "%%CITATION = ARXIV:1108.5383;%%",
}

@article{Faber:1979pp,
      author         = "Faber, S.M. and Gallagher, J.S.",
      title          = "{Masses and mass-to-light ratios of galaxies}",
      journal        = "Ann.Rev.Astron.Astrophys.",
      volume         = "17",
      pages          = "135-183",
      doi            = "10.1146/annurev.aa.17.090179.001031",
      year           = "1979",
      SLACcitation   = "%%CITATION = ARAAA,17,135;%%",
}

@article{Fairbairn:2008gz,
      author         = "Fairbairn, Malcolm and Schwetz, Thomas",
      title          = "{Spin-independent elastic WIMP scattering and the DAMA
                        annual modulation signal}",
      journal        = "JCAP",
      volume         = "0901",
      pages          = "037",
      doi            = "10.1088/1475-7516/2009/01/037",
      year           = "2009",
      eprint         = "0808.0704",
      archivePrefix  = "arXiv",
      primaryClass   = "hep-ph",
      SLACcitation   = "%%CITATION = ARXIV:0808.0704;%%",
}

@article{Fan:2010gt,
      author         = "Fan, JiJi and Reece, Matthew and Wang, Lian-Tao",
      title          = "{Non-relativistic effective theory of dark matter direct
                        detection}",
      journal        = "JCAP",
      volume         = "1011",
      pages          = "042",
      doi            = "10.1088/1475-7516/2010/11/042",
      year           = "2010",
      eprint         = "1008.1591",
      archivePrefix  = "arXiv",
      primaryClass   = "hep-ph",
      SLACcitation   = "%%CITATION = ARXIV:1008.1591;%%",
}

@article{Farina:2011pw,
      author         = "Farina, Marco and Pappadopulo, Duccio and Strumia,
                        Alessandro and Volansky, Tomer",
      title          = "{Can CoGeNT and DAMA Modulations Be Due to Dark Matter?}",
      journal        = "JCAP",
      volume         = "1111",
      pages          = "010",
      doi            = "10.1088/1475-7516/2011/11/010",
      year           = "2011",
      eprint         = "1107.0715",
      archivePrefix  = "arXiv",
      primaryClass   = "hep-ph",
      SLACcitation   = "%%CITATION = ARXIV:1107.0715;%%",
}

@article{Feldstein:2009tr,
      author         = "Feldstein, Brian and Fitzpatrick, A. Liam and Katz,
                        Emanuel",
      title          = "{Form Factor Dark Matter}",
      journal        = "JCAP",
      volume         = "1001",
      pages          = "020",
      doi            = "10.1088/1475-7516/2010/01/020",
      year           = "2010",
      eprint         = "0908.2991",
      archivePrefix  = "arXiv",
      primaryClass   = "hep-ph",
      SLACcitation   = "%%CITATION = ARXIV:0908.2991;%%",
}

@article{Felizardo:2011uw,
      author         = "Felizardo, M. and Girard, T.A. and Morlat, T. and
                        Fernandes, A.C. and Ramos, A.R. and others",
      title          = "{Final Analysis and Results of the Phase II SIMPLE Dark
                        Matter Search}",
      journal        = "Phys.Rev.Lett.",
      volume         = "108",
      pages          = "201302",
      doi            = "10.1103/PhysRevLett.108.201302",
      year           = "2012",
      eprint         = "1106.3014",
      archivePrefix  = "arXiv",
      primaryClass   = "astro-ph.CO",
      SLACcitation   = "%%CITATION = ARXIV:1106.3014;%%",
}

@article{Feng:2011vu,
      author         = "Feng, Jonathan L. and Kumar, Jason and Marfatia, Danny
                        and Sanford, David",
      title          = "{Isospin-Violating Dark Matter}",
      journal        = "Phys.Lett.",
      volume         = "B703",
      pages          = "124-127",
      doi            = "10.1016/j.physletb.2011.07.083",
      year           = "2011",
      eprint         = "1102.4331",
      archivePrefix  = "arXiv",
      primaryClass   = "hep-ph",
      reportNumber   = "UCI-TR-2011-03, UH511-1157-2011",
      SLACcitation   = "%%CITATION = ARXIV:1102.4331;%%",
}

@article{FernandezMartinez:2012wd,
      author         = "Fernandez-Martinez, Enrique and Mahbubani, Rakhi",
      title          = "{The Gran Sasso muon puzzle}",
      journal        = "JCAP",
      volume         = "1207",
      pages          = "029",
      doi            = "10.1088/1475-7516/2012/07/029",
      year           = "2012",
      eprint         = "1204.5180",
      archivePrefix  = "arXiv",
      primaryClass   = "astro-ph.HE",
      reportNumber   = "CERN-PH-TH-2012-096",
      SLACcitation   = "%%CITATION = ARXIV:1204.5180;%%",
}

@article{Fillmore:1984wk,
      author         = "Fillmore, J.A. and Goldreich, P.",
      title          = "{Self-similiar gravitational collapse in an expanding
                        universe}",
      journal        = "Astrophys.J.",
      volume         = "281",
      pages          = "1-8",
      doi            = "10.1086/162070",
      year           = "1984",
      SLACcitation   = "%%CITATION = ASJOA,281,1;%%",
}

@article{Fitzpatrick:2012ix,
      author         = "Fitzpatrick, A. Liam and Haxton, Wick and Katz, Emanuel
                        and Lubbers, Nicholas and Xu, Yiming",
      title          = "{The Effective Field Theory of Dark Matter Direct
                        Detection}",
      journal        = "JCAP",
      volume         = "1302",
      pages          = "004",
      doi            = "10.1088/1475-7516/2013/02/004",
      year           = "2013",
      eprint         = "1203.3542",
      archivePrefix  = "arXiv",
      primaryClass   = "hep-ph",
      SLACcitation   = "%%CITATION = ARXIV:1203.3542;%%",
}

@article{Fitzpatrick:2010em,
      author         = "Fitzpatrick, A. Liam and Hooper, Dan and Zurek, Kathryn
                        M.",
      title          = "{Implications of CoGeNT and DAMA for Light WIMP Dark
                        Matter}",
      journal        = "Phys.Rev.",
      volume         = "D81",
      pages          = "115005",
      doi            = "10.1103/PhysRevD.81.115005",
      year           = "2010",
      eprint         = "1003.0014",
      archivePrefix  = "arXiv",
      primaryClass   = "hep-ph",
      reportNumber   = "FERMILAB-PUB-10-042-A",
      SLACcitation   = "%%CITATION = ARXIV:1003.0014;%%",
}

@ARTICLE{Fiorentin:2011EAS,
   author = {{Fiorentin}, P.~Re and {Lattanzi}, M.~G. and {Smart}, R.~L.
             and {Spagna}, A. and {Bailer-Jones}, C.~A.~L. and {Beers}, T.~C.
             and {Zwitter}, T.
	},
    title = "{Hunting for stellar streams in the solar neighbourhood with the SDSS and GSC-II kinematic survey}",
  journal = {EAS Publ.Ser.},
     year = 2011,
   volume = 45,
    pages = {203},
      doi = {10.1051/eas/1045034},
}

@article{Fornengo:2011sz,
      author         = "Fornengo, N. and Panci, P. and Regis, M.",
      title          = "{Long-Range Forces in Direct Dark Matter Searches}",
      journal        = "Phys.Rev.",
      volume         = "D84",
      pages          = "115002",
      doi            = "10.1103/PhysRevD.84.115002",
      year           = "2011",
      eprint         = "1108.4661",
      archivePrefix  = "arXiv",
      primaryClass   = "hep-ph",
      SLACcitation   = "%%CITATION = ARXIV:1108.4661;%%",
}

@article{Fox:2011px,
      author         = "Fox, Patrick J. and Kopp, Joachim and Lisanti, Mariangela
                        and Weiner, Neal",
      title          = "{A CoGeNT Modulation Analysis}",
      journal        = "Phys.Rev.",
      volume         = "D85",
      pages          = "036008",
      doi            = "10.1103/PhysRevD.85.036008",
      year           = "2012",
      eprint         = "1107.0717",
      archivePrefix  = "arXiv",
      primaryClass   = "hep-ph",
      reportNumber   = "FERMILAB-PUB-11-311-T",
      SLACcitation   = "%%CITATION = ARXIV:1107.0717;%%",
}

@article{Fox:2010bu,
      author         = "Fox, Patrick J. and Kribs, Graham D. and Tait, Tim M.P.",
      title          = "{Interpreting Dark Matter Direct Detection Independently
                        of the Local Velocity and Density Distribution}",
      journal        = "Phys.Rev.",
      volume         = "D83",
      pages          = "034007",
      doi            = "10.1103/PhysRevD.83.034007",
      year           = "2011",
      eprint         = "1011.1910",
      archivePrefix  = "arXiv",
      primaryClass   = "hep-ph",
      reportNumber   = "UCI-HEP-TR-2010-26, FERMILAB-PUB-10-436-T",
      SLACcitation   = "%%CITATION = ARXIV:1011.1910;%%",
}

@article{Fox:2010bz,
      author         = "Fox, Patrick J. and Liu, Jia and Weiner, Neal",
      title          = "{Integrating Out Astrophysical Uncertainties}",
      journal        = "Phys.Rev.",
      volume         = "D83",
      pages          = "103514",
      doi            = "10.1103/PhysRevD.83.103514",
      year           = "2011",
      eprint         = "1011.1915",
      archivePrefix  = "arXiv",
      primaryClass   = "hep-ph",
      reportNumber   = "FERMILAB-PUB-10-437-T",
      SLACcitation   = "%%CITATION = ARXIV:1011.1915;%%",
}

@article{Frandsen:2011ts,
      author         = "Frandsen, Mads T. and Kahlhoefer, Felix and
                        March-Russell, John and McCabe, Christopher and
                        McCullough, Matthew and others",
      title          = "{On the DAMA and CoGeNT Modulations}",
      journal        = "Phys.Rev.",
      volume         = "D84",
      pages          = "041301",
      doi            = "10.1103/PhysRevD.84.041301",
      year           = "2011",
      eprint         = "1105.3734",
      archivePrefix  = "arXiv",
      primaryClass   = "hep-ph",
      reportNumber   = "OUTP-11-40-P",
      SLACcitation   = "%%CITATION = ARXIV:1105.3734;%%",
}

@article{Freese:1987wu,
      author         = "Freese, Katherine and Frieman, Joshua A. and Gould,
                        Andrew",
      title          = "{Signal Modulation in Cold Dark Matter Detection}",
      journal        = "Phys.Rev.",
      volume         = "D37",
      pages          = "3388",
      doi            = "10.1103/PhysRevD.37.3388",
      year           = "1988",
      reportNumber   = "SLAC-PUB-4427, NSF-ITP-87-123",
      SLACcitation   = "%%CITATION = PHRVA,D37,3388;%%",
}

@article{Freese:2003tt,
      author         = "Freese, Katherine and Gondolo, Paolo and Newberg, Heidi
                        Jo",
      title          = "{Detectability of weakly interacting massive particles in
                        the Sagittarius dwarf tidal stream}",
      journal        = "Phys.Rev.",
      volume         = "D71",
      pages          = "043516",
      doi            = "10.1103/PhysRevD.71.043516",
      year           = "2005",
      eprint         = "astro-ph/0309279",
      archivePrefix  = "arXiv",
      primaryClass   = "astro-ph",
      reportNumber   = "MCTP-03-41",
      SLACcitation   = "%%CITATION = ASTRO-PH/0309279;%%",
}

@article{Freese:2003na,
      author         = "Freese, Katherine and Gondolo, Paolo and Newberg, Heidi
                        Jo and Lewis, Matthew",
      title          = "{The effects of the Sagittarius dwarf tidal stream on
                        dark matter detectors}",
      journal        = "Phys.Rev.Lett.",
      volume         = "92",
      pages          = "111301",
      doi            = "10.1103/PhysRevLett.92.111301",
      year           = "2004",
      eprint         = "astro-ph/0310334",
      archivePrefix  = "arXiv",
      primaryClass   = "astro-ph",
      SLACcitation   = "%%CITATION = ASTRO-PH/0310334;%%",
}

@article{Freese:2001hk,
      author         = "Freese, Katherine and Gondolo, Paolo and Stodolsky, Leo",
      title          = "{On the direct detection of extragalactic WIMPs}",
      journal        = "Phys.Rev.",
      volume         = "D64",
      pages          = "123502",
      doi            = "10.1103/PhysRevD.64.123502",
      year           = "2001",
      eprint         = "astro-ph/0106480",
      archivePrefix  = "arXiv",
      primaryClass   = "astro-ph",
      reportNumber   = "MCTP-01-31",
      SLACcitation   = "%%CITATION = ASTRO-PH/0106480;%%",
}

@article{Freese:2012rp,
      author         = "Freese, Katherine and Savage, Christopher",
      title          = "{Dark Matter collisions with the Human Body}",
      journal        = "Phys.Lett.",
      volume         = "B717",
      pages          = "25-28",
      doi            = "10.1016/j.physletb.2012.09.041",
      year           = "2012",
      eprint         = "1204.1339",
      archivePrefix  = "arXiv",
      primaryClass   = "astro-ph.CO",
      SLACcitation   = "%%CITATION = ARXIV:1204.1339;%%",
}

@article{Gelmini:2000dm,
      author         = "Gelmini, Graciela and Gondolo, Paolo",
      title          = "{WIMP annual modulation with opposite phase in
                        Late-Infall halo models}",
      journal        = "Phys.Rev.",
      volume         = "D64",
      pages          = "023504",
      doi            = "10.1103/PhysRevD.64.023504",
      year           = "2001",
      eprint         = "hep-ph/0012315",
      archivePrefix  = "arXiv",
      primaryClass   = "hep-ph",
      reportNumber   = "UCLA-00-TEP-33, CWRU-P13-00",
      SLACcitation   = "%%CITATION = HEP-PH/0012315;%%",
}

@article{Gondolo:2002np,
      author         = "Gondolo, Paolo",
      title          = "{Recoil momentum spectrum in directional dark matter
                        detectors}",
      journal        = "Phys.Rev.",
      volume         = "D66",
      pages          = "103513",
      doi            = "10.1103/PhysRevD.66.103513",
      year           = "2002",
      eprint         = "hep-ph/0209110",
      archivePrefix  = "arXiv",
      primaryClass   = "hep-ph",
      reportNumber   = "CWRU-P10-02, NSF-ITP-02-95",
      SLACcitation   = "%%CITATION = HEP-PH/0209110;%%",
}

@article{Gondolo:2005hh,
      author         = "Gondolo, Paolo and Gelmini, Graciela",
      title          = "{Compatibility of DAMA dark matter detection with other
                        searches}",
      journal        = "Phys.Rev.",
      volume         = "D71",
      pages          = "123520",
      doi            = "10.1103/PhysRevD.71.123520",
      year           = "2005",
      eprint         = "hep-ph/0504010",
      archivePrefix  = "arXiv",
      primaryClass   = "hep-ph",
      reportNumber   = "UCLA-05-TEP-10",
      SLACcitation   = "%%CITATION = HEP-PH/0504010;%%",
}

@article{Li:2012zs,
      author         = "Gong, H. and Giboni, K.L. and Ji, X. and Tan, A. and
                        Zhao, L.",
      title          = "{The Cryogenic System for the Panda-X Dark Matter Search
                        Experiment}",
      journal        = "JINST",
      volume         = "8",
      pages          = "P01002",
      doi            = "10.1088/1748-0221/8/01/P01002",
      year           = "2013",
      eprint         = "1207.5100",
      archivePrefix  = "arXiv",
      primaryClass   = "astro-ph.IM",
      SLACcitation   = "%%CITATION = ARXIV:1207.5100;%%",
}

@article{Goodman:1984dc,
      author         = "Goodman, Mark W. and Witten, Edward",
      title          = "{Detectability of Certain Dark Matter Candidates}",
      journal        = "Phys.Rev.",
      volume         = "D31",
      pages          = "3059",
      doi            = "10.1103/PhysRevD.31.3059",
      year           = "1985",
      reportNumber   = "Print-85-0030 (PRINCETON)",
      SLACcitation   = "%%CITATION = PHRVA,D31,3059;%%",
}

@article{Green:2003yh,
      author         = "Green, Anne M",
      title          = "{Effect of realistic astrophysical inputs on the phase
                        and shape of the WIMP annual modulation signal}",
      journal        = "Phys.Rev.",
      volume         = "D68",
      pages          = "023004",
      doi            = "10.1103/PhysRevD.69.109902, 10.1103/PhysRevD.68.023004",
      year           = "2003",
      eprint         = "astro-ph/0304446",
      archivePrefix  = "arXiv",
      primaryClass   = "astro-ph",
      SLACcitation   = "%%CITATION = ASTRO-PH/0304446;%%",
}

@article{Green:2000jg,
      author         = "Green, Anne M.",
      title          = "{The WIMP annual modulation signal and nonstandard halo
                        models}",
      journal        = "Phys.Rev.",
      volume         = "D63",
      pages          = "043005",
      doi            = "10.1103/PhysRevD.63.043005",
      year           = "2001",
      eprint         = "astro-ph/0008318",
      archivePrefix  = "arXiv",
      primaryClass   = "astro-ph",
      SLACcitation   = "%%CITATION = ASTRO-PH/0008318;%%",
}

@article{Green:2002ht,
      author         = "Green, Anne M.",
      title          = "{Effect of halo modeling on WIMP exclusion limits}",
      journal        = "Phys.Rev.",
      volume         = "D66",
      pages          = "083003",
      doi            = "10.1103/PhysRevD.66.083003",
      year           = "2002",
      eprint         = "astro-ph/0207366",
      archivePrefix  = "arXiv",
      primaryClass   = "astro-ph",
      SLACcitation   = "%%CITATION = ASTRO-PH/0207366;%%",
}

@article{Green:2010gw,
      author         = "Green, Anne M.",
      title          = "{Dependence of direct detection signals on the WIMP
                        velocity distribution}",
      journal        = "JCAP",
      volume         = "1010",
      pages          = "034",
      doi            = "10.1088/1475-7516/2010/10/034",
      year           = "2010",
      eprint         = "1009.0916",
      archivePrefix  = "arXiv",
      primaryClass   = "astro-ph.CO",
      SLACcitation   = "%%CITATION = ARXIV:1009.0916;%%",
}

@article{Green:2011bv,
      author         = "Green, Anne M.",
      title          = "{Astrophysical uncertainties on direct detection
                        experiments}",
      journal        = "Mod.Phys.Lett.",
      volume         = "A27",
      pages          = "1230004",
      doi            = "10.1142/S0217732312300042",
      year           = "2012",
      eprint         = "1112.0524",
      archivePrefix  = "arXiv",
      primaryClass   = "astro-ph.CO",
      SLACcitation   = "%%CITATION = ARXIV:1112.0524;%%",
}

@article{Gunn:1972sv,
      author         = "Gunn, James E. and Gott, J. Richard, III",
      title          = "{On the Infall of Matter into Clusters of Galaxies and
                        Some Effects on Their Evolution}",
      journal        = "Astrophys.J.",
      volume         = "176",
      pages          = "1-19",
      doi            = "10.1086/151605",
      year           = "1972",
      SLACcitation   = "%%CITATION = ASJOA,176,1;%%",
}

@article{Gutlein:2010tq,
      author         = "Gutlein, A. and Ciemniak, C. and von Feilitzsch, F. and
                        Haag, N. and Hofmann, M. and others",
      title          = "{Solar and atmospheric neutrinos: Background sources for
                        the direct dark matter search}",
      journal        = "Astropart.Phys.",
      volume         = "34",
      pages          = "90-96",
      doi            = "10.1016/j.astropartphys.2010.06.002",
      year           = "2010",
      eprint         = "1003.5530",
      archivePrefix  = "arXiv",
      primaryClass   = "hep-ph",
      SLACcitation   = "%%CITATION = ARXIV:1003.5530;%%",
}

@article{Hall:2010zz,
      author         = "Hall, C. and Akerib, D. and Bai, X. and Bedikian, S. and
                        Bernstein, A. and others",
      title          = "{A search for weakly interacting dark matter with the LUX
                        experiment}",
      journal        = "PoS",
      volume         = "ICHEP2010",
      pages          = "431",
      year           = "2010",
      SLACcitation   = "%%CITATION = POSCI,ICHEP2010,431;%%",
}

@article{Hansen:2004dg,
      author         = "Hansen, Steen H. and Egli, Daniel and Hollenstein, Lukas
                        and Salzmann, Christoph",
      title          = "{Dark matter distribution function from non-extensive
                        statistical mechanics}",
      journal        = "New Astron.",
      volume         = "10",
      pages          = "379",
      doi            = "10.1016/j.newast.2005.01.005",
      year           = "2005",
      eprint         = "astro-ph/0407111",
      archivePrefix  = "arXiv",
      primaryClass   = "astro-ph",
      SLACcitation   = "%%CITATION = ASTRO-PH/0407111;%%",
}

@article{Hansen:2005yj,
      author         = "Hansen, Steen H. and Moore, Ben and Zemp, Marcel and
                        Stadel, Joachim",
      title          = "{A Universal velocity distribution of relaxed
                        collisionless structures}",
      journal        = "JCAP",
      volume         = "0601",
      pages          = "014",
      doi            = "10.1088/1475-7516/2006/01/014",
      year           = "2006",
      eprint         = "astro-ph/0505420",
      archivePrefix  = "arXiv",
      primaryClass   = "astro-ph",
      SLACcitation   = "%%CITATION = ASTRO-PH/0505420;%%",
}

@article{Helm:1956zz,
      author         = "Helm, Richard H.",
      title          = "{Inelastic and Elastic Scattering of 187-Mev Electrons
                        from Selected Even-Even Nuclei}",
      journal        = "Phys.Rev.",
      volume         = "104",
      pages          = "1466-1475",
      doi            = "10.1103/PhysRev.104.1466",
      year           = "1956",
      SLACcitation   = "%%CITATION = PHRVA,104,1466;%%",
}

@article{HerreroGarcia:2011aa,
      author         = "Herrero-Garcia, Juan and Schwetz, Thomas and Zupan, Jure",
      title          = "{On the annual modulation signal in dark matter direct
                        detection}",
      journal        = "JCAP",
      volume         = "1203",
      pages          = "005",
      doi            = "10.1088/1475-7516/2012/03/005",
      year           = "2012",
      eprint         = "1112.1627",
      archivePrefix  = "arXiv",
      primaryClass   = "hep-ph",
      SLACcitation   = "%%CITATION = ARXIV:1112.1627;%%",
}

@article{HerreroGarcia:2012fu,
      author         = "Herrero-Garcia, Juan and Schwetz, Thomas and Zupan, Jure",
      title          = "{Astrophysics independent bounds on the annual modulation
                        of dark matter signals}",
      journal        = "Phys.Rev.Lett.",
      volume         = "109",
      pages          = "141301",
      doi            = "10.1103/PhysRevLett.109.141301",
      year           = "2012",
      eprint         = "1205.0134",
      archivePrefix  = "arXiv",
      primaryClass   = "hep-ph",
      reportNumber   = "UCHEP-12-04",
      SLACcitation   = "%%CITATION = ARXIV:1205.0134;%%",
}

@article{Hooper:2010uy,
      author         = "Hooper, Dan and Collar, J.I. and Hall, Jeter and
                        McKinsey, Dan and Kelso, Chris",
      title          = "{A Consistent Dark Matter Interpretation For CoGeNT and
                        DAMA/LIBRA}",
      journal        = "Phys.Rev.",
      volume         = "D82",
      pages          = "123509",
      doi            = "10.1103/PhysRevD.82.123509",
      year           = "2010",
      eprint         = "1007.1005",
      archivePrefix  = "arXiv",
      primaryClass   = "hep-ph",
      reportNumber   = "FERMILAB-PUB-10-222-A",
      SLACcitation   = "%%CITATION = ARXIV:1007.1005;%%",
}

@article{Ibata:2000pu,
      author         = "Ibata, Rodrigo and Lewis, Geraint F. and Irwin, Michael
                        and Totten, Edward and Quinn, Thomas R.",
      title          = "{Great circle tidal streams: evidence for a nearly
                        spherical massive dark halo around the milky way}",
      journal        = "Astrophys.J.",
      volume         = "551",
      pages          = "294-311",
      doi            = "10.1086/320060",
      year           = "2001",
      eprint         = "astro-ph/0004011",
      archivePrefix  = "arXiv",
      primaryClass   = "astro-ph",
      SLACcitation   = "%%CITATION = ASTRO-PH/0004011;%%",
}

@article{Jungman:1995df,
      author         = "Jungman, Gerard and Kamionkowski, Marc and Griest, Kim",
      title          = "{Supersymmetric dark matter}",
      journal        = "Phys.Rept.",
      volume         = "267",
      pages          = "195-373",
      doi            = "10.1016/0370-1573(95)00058-5",
      year           = "1996",
      eprint         = "hep-ph/9506380",
      archivePrefix  = "arXiv",
      primaryClass   = "hep-ph",
      reportNumber   = "SU-4240-605, UCSD-PTH-95-02, IASSNS-HEP-95-14, CU-TP-677",
      SLACcitation   = "%%CITATION = HEP-PH/9506380;%%",
}

@article{Kamionkowski:2008vw,
      author         = "Kamionkowski, Marc and Koushiappas, Savvas M.",
      title          = "{Galactic substructure and direct detection of dark
                        matter}",
      journal        = "Phys.Rev.",
      volume         = "D77",
      pages          = "103509",
      doi            = "10.1103/PhysRevD.77.103509",
      year           = "2008",
      eprint         = "0801.3269",
      archivePrefix  = "arXiv",
      primaryClass   = "astro-ph",
      reportNumber   = "LA-UR-07-7442",
      SLACcitation   = "%%CITATION = ARXIV:0801.3269;%%",
}

@article{Kazantzidis:2004vu,
      author         = "Kazantzidis, Stelios and Kravtsov, Andrey V. and Zentner,
                        Andrew R. and Allgood, Brandon and Nagai, Daisuke and
                        others",
      title          = "{The Effect of gas cooling on the shapes of dark matter
                        halos}",
      journal        = "Astrophys.J.",
      volume         = "611",
      pages          = "L73-L76",
      doi            = "10.1086/423992",
      year           = "2004",
      eprint         = "astro-ph/0405189",
      archivePrefix  = "arXiv",
      primaryClass   = "astro-ph",
      SLACcitation   = "%%CITATION = ASTRO-PH/0405189;%%",
}

@article{Kelso:2011gd,
      author         = "Kelso, Chris and Hooper, Dan and Buckley, Matthew R.",
      title          = "{Toward A Consistent Picture For CRESST, CoGeNT and
                        DAMA}",
      journal        = "Phys.Rev.",
      volume         = "D85",
      pages          = "043515",
      doi            = "10.1103/PhysRevD.85.043515",
      year           = "2012",
      eprint         = "1110.5338",
      archivePrefix  = "arXiv",
      primaryClass   = "astro-ph.CO",
      reportNumber   = "FERMILAB-PUB-11-571-A",
      SLACcitation   = "%%CITATION = ARXIV:1110.5338;%%",
}

@article{Kerr:1986hz,
      author         = "Kerr, F. J. and Lynden-Bell, Donald",
      title          = "{Review of galactic constants}",
      journal        = "Mon.Not.Roy.Astron.Soc.",
      volume         = "221",
      pages          = "1023",
      year           = "1986",
      SLACcitation   = "%%CITATION = MNRAA,221,1023;%%",
}

@article{Kim:2012rza,
      author         = "Kim, S.C. and Bhang, H. and Choi, J.H. and Kang, W.G. and
                        Kim, B.H. and others",
      title          = "{New Limits on Interactions between Weakly Interacting
                        Massive Particles and Nucleons Obtained with CsI(Tl)
                        Crystal Detectors}",
      journal        = "Phys.Rev.Lett.",
      volume         = "108",
      pages          = "181301",
      doi            = "10.1103/PhysRevLett.108.181301",
      year           = "2012",
      eprint         = "1204.2646",
      archivePrefix  = "arXiv",
      primaryClass   = "astro-ph.CO",
      SLACcitation   = "%%CITATION = ARXIV:1204.2646;%%",
}

@article{Komatsu:2010fb,
      author         = "Komatsu, E. and others",
      title          = "{Seven-Year Wilkinson Microwave Anisotropy Probe (WMAP)
                        Observations: Cosmological Interpretation}",
      collaboration  = "WMAP Collaboration",
      journal        = "Astrophys.J.Suppl.",
      volume         = "192",
      pages          = "18",
      doi            = "10.1088/0067-0049/192/2/18",
      year           = "2011",
      eprint         = "1001.4538",
      archivePrefix  = "arXiv",
      primaryClass   = "astro-ph.CO",
      SLACcitation   = "%%CITATION = ARXIV:1001.4538;%%",
}

@article{Kopp:2011yr,
      author         = "Kopp, Joachim and Schwetz, Thomas and Zupan, Jure",
      title          = "{Light Dark Matter in the light of CRESST-II}",
      journal        = "JCAP",
      volume         = "1203",
      pages          = "001",
      doi            = "10.1088/1475-7516/2012/03/001",
      year           = "2012",
      eprint         = "1110.2721",
      archivePrefix  = "arXiv",
      primaryClass   = "hep-ph",
      reportNumber   = "FERMILAB-PUB-11-550-T, UCHEP-11-08",
      SLACcitation   = "%%CITATION = ARXIV:1110.2721;%%",
}

@article{Kos:2010zz,
      author         = "Kos, Marek",
      title          = "{Dark matter detection with the DEAP/CLEAN detectors}",
      collaboration  = "DEAP/CLEAN Collaboration",
      journal        = "PoS",
      volume         = "ICHEP2010",
      pages          = "455",
      year           = "2010",
      SLACcitation   = "%%CITATION = POSCI,ICHEP2010,455;%%",
}

@article{Kraus:2011zz,
      author         = "Kraus, H. and Armengaud, E. and Augier, C. and Bauer, M.
                        and Bechtold, N. and others",
      title          = "{EURECA}",
      journal        = "PoS",
      volume         = "IDM2010",
      pages          = "109",
      year           = "2011",
      SLACcitation   = "%%CITATION = POSCI,IDM2010,109;%%",
}

@article{Kuhlen:2012fz,
      author         = "Kuhlen, Michael and Lisanti, Mariangela and Spergel,
                        David N.",
      title          = "{Direct Detection of Dark Matter Debris Flows}",
      journal        = "Phys.Rev.",
      volume         = "D86",
      pages          = "063505",
      doi            = "10.1103/PhysRevD.86.063505",
      year           = "2012",
      eprint         = "1202.0007",
      archivePrefix  = "arXiv",
      primaryClass   = "astro-ph.GA",
      SLACcitation   = "%%CITATION = ARXIV:1202.0007;%%",
}

@article{Kuhlen:2009vh,
      author         = "Kuhlen, Michael and Weiner, Neal and Diemand, Jurg and
                        Madau, Piero and Moore, Ben and others",
      title          = "{Dark Matter Direct Detection with Non-Maxwellian
                        Velocity Structure}",
      journal        = "JCAP",
      volume         = "1002",
      pages          = "030",
      doi            = "10.1088/1475-7516/2010/02/030",
      year           = "2010",
      eprint         = "0912.2358",
      archivePrefix  = "arXiv",
      primaryClass   = "astro-ph.GA",
      SLACcitation   = "%%CITATION = ARXIV:0912.2358;%%",
}

@article{Kuzniak:2012zm,
      author         = "Kuzniak, M. and Boulay, M.G. and Pollmann, T.",
      title          = "{Surface roughness interpretation of 730 kg days
                        CRESST-II results}",
      journal        = "Astropart.Phys.",
      volume         = "36",
      pages          = "77-82",
      doi            = "10.1016/j.astropartphys.2012.05.005",
      year           = "2012",
      eprint         = "1203.1576",
      archivePrefix  = "arXiv",
      primaryClass   = "astro-ph.IM",
      SLACcitation   = "%%CITATION = ARXIV:1203.1576;%%",
}

@article{Lee:2012pf,
      author         = "Lee, Samuel K. and Peter, Annika H.G.",
      title          = "{Probing the Local Velocity Distribution of WIMP Dark
                        Matter with Directional Detectors}",
      journal        = "JCAP",
      volume         = "1204",
      pages          = "029",
      doi            = "10.1088/1475-7516/2012/04/029",
      year           = "2012",
      eprint         = "1202.5035",
      archivePrefix  = "arXiv",
      primaryClass   = "astro-ph.CO",
      SLACcitation   = "%%CITATION = ARXIV:1202.5035;%%",
}

@article{Lewin:1995rx,
      author         = "Lewin, J.D. and Smith, P.F.",
      title          = "{Review of mathematics, numerical factors, and
                        corrections for dark matter experiments based on elastic
                        nuclear recoil}",
      journal        = "Astropart.Phys.",
      volume         = "6",
      pages          = "87-112",
      doi            = "10.1016/S0927-6505(96)00047-3",
      year           = "1996",
      reportNumber   = "RAL-TR-95-024",
      SLACcitation   = "%%CITATION = APHYE,6,87;%%",
}

@article{Lewis:2003bv,
      author         = "Lewis, Matthew J. and Freese, Katherine",
      title          = "{The Phase of the annual modulation: Constraining the
                        WIMP mass}",
      journal        = "Phys.Rev.",
      volume         = "D70",
      pages          = "043501",
      doi            = "10.1103/PhysRevD.70.043501",
      year           = "2004",
      eprint         = "astro-ph/0307190",
      archivePrefix  = "arXiv",
      primaryClass   = "astro-ph",
      reportNumber   = "MCTP-03-33",
      SLACcitation   = "%%CITATION = ASTRO-PH/0307190;%%",
}

@article{Lima:2002hm,
      author         = "Lima, J.A.S.. and Silva, R. and Plastino, A.R.",
      title          = "{Nonextensive thermostatistics and the H theorem}",
      journal        = "Phys.Rev.Lett.",
      volume         = "86",
      pages          = "2938-2941",
      doi            = "10.1103/PhysRevLett.86.2938",
      year           = "2001",
      eprint         = "cond-mat/0101030",
      archivePrefix  = "arXiv",
      primaryClass   = "cond-mat",
      SLACcitation   = "%%CITATION = COND-MAT/0101030;%%",
}

@article{Lin:2007ka,
      author         = "Lin, S.T. and others",
      title          = "{New limits on spin-independent and spin-dependent
                        couplings of low-mass WIMP dark matter with a germanium
                        detector at a threshold of 220 eV}",
      collaboration  = "TEXONO Collaboration",
      journal        = "Phys.Rev.",
      volume         = "D79",
      pages          = "061101",
      doi            = "10.1103/PhysRevD.79.061101",
      year           = "2009",
      eprint         = "0712.1645",
      archivePrefix  = "arXiv",
      primaryClass   = "hep-ex",
      reportNumber   = "AS-TEXONO-07-06",
      SLACcitation   = "%%CITATION = ARXIV:0712.1645;%%",
}

@article{Ling:2009eh,
      author         = "Ling, F.S. and Nezri, E. and Athanassoula, E. and
                        Teyssier, R.",
      title          = "{Dark Matter Direct Detection Signals inferred from a
                        Cosmological N-body Simulation with Baryons}",
      journal        = "JCAP",
      volume         = "1002",
      pages          = "012",
      doi            = "10.1088/1475-7516/2010/02/012",
      year           = "2010",
      eprint         = "0909.2028",
      archivePrefix  = "arXiv",
      primaryClass   = "astro-ph.GA",
      reportNumber   = "ULB-TH-09-30",
      SLACcitation   = "%%CITATION = ARXIV:0909.2028;%%",
}

@article{Lisanti:2011as,
      author         = "Lisanti, Mariangela and Spergel, David N.",
      title          = "{Dark Matter Debris Flows in the Milky Way}",
      journal        = "Phys.Dark Univ.",
      volume         = "1",
      pages          = "155-161",
      doi            = "10.1016/j.dark.2012.10.007",
      year           = "2012",
      eprint         = "1105.4166",
      archivePrefix  = "arXiv",
      primaryClass   = "astro-ph.CO",
      SLACcitation   = "%%CITATION = ARXIV:1105.4166;%%",
}

@article{Lisanti:2010qx,
      author         = "Lisanti, Mariangela and Strigari, Louis E. and Wacker,
                        Jay G. and Wechsler, Risa H.",
      title          = "{The Dark Matter at the End of the Galaxy}",
      journal        = "Phys.Rev.",
      volume         = "D83",
      pages          = "023519",
      doi            = "10.1103/PhysRevD.83.023519",
      year           = "2011",
      eprint         = "1010.4300",
      archivePrefix  = "arXiv",
      primaryClass   = "astro-ph.CO",
      reportNumber   = "SLAC-PUB-14273",
      SLACcitation   = "%%CITATION = ARXIV:1010.4300;%%",
}

@article{Majewski:2003ux,
      author         = "Majewski, Steven R. and Skrutskie, M.F. and Weinberg,
                        Martin D. and Ostheimer, James C.",
      title          = "{A 2mass all-sky view of the Sagittarius dwarf galaxy: I.
                        Morphology of the Sagittarius core and tidal arms}",
      journal        = "Astrophys.J.",
      volume         = "599",
      pages          = "1082-1115",
      doi            = "10.1086/379504",
      year           = "2003",
      eprint         = "astro-ph/0304198",
      archivePrefix  = "arXiv",
      primaryClass   = "astro-ph",
      SLACcitation   = "%%CITATION = ASTRO-PH/0304198;%%",
}

@article{Mao:2012hf,
      author         = "Mao, Yao-Yuan and Strigari, Louis E. and Wechsler, Risa
                        H. and Wu, Hao-Yi and Hahn, Oliver",
      title          = "{Halo-to-Halo Similarity and Scatter in the Velocity
                        Distribution of Dark Matter}",
      journal        = "Astrophys.J.",
      volume         = "764",
      pages          = "35",
      doi            = "10.1088/0004-637X/764/1/35",
      year           = "2013",
      eprint         = "1210.2721",
      archivePrefix  = "arXiv",
      primaryClass   = "astro-ph.CO",
      reportNumber   = "SLAC-PUB-15326",
      SLACcitation   = "%%CITATION = ARXIV:1210.2721;%%",
}

@article{Marchionni:2010fi,
      author         = "Marchionni, A. and others",
      title          = "{ArDM: a ton-scale LAr detector for direct Dark Matter
                        searches}",
      collaboration  = "ArDM Collaboration",
      journal        = "J.Phys.Conf.Ser.",
      volume         = "308",
      pages          = "012006",
      doi            = "10.1088/1742-6596/308/1/012006",
      year           = "2011",
      eprint         = "1012.5967",
      archivePrefix  = "arXiv",
      primaryClass   = "physics.ins-det",
      SLACcitation   = "%%CITATION = ARXIV:1012.5967;%%",
}

@article{Masso:2009mu,
      author         = "Masso, Eduard and Mohanty, Subhendra and Rao, Soumya",
      title          = "{Dipolar Dark Matter}",
      journal        = "Phys.Rev.",
      volume         = "D80",
      pages          = "036009",
      doi            = "10.1103/PhysRevD.80.036009",
      year           = "2009",
      eprint         = "0906.1979",
      archivePrefix  = "arXiv",
      primaryClass   = "hep-ph",
      reportNumber   = "UAB-FT-663, PRL-TH-AP-09-1",
      SLACcitation   = "%%CITATION = ARXIV:0906.1979;%%",
}

@article{McCabe:2010zh,
      author         = "McCabe, Christopher",
      title          = "{The Astrophysical Uncertainties Of Dark Matter Direct
                        Detection Experiments}",
      journal        = "Phys.Rev.",
      volume         = "D82",
      pages          = "023530",
      doi            = "10.1103/PhysRevD.82.023530",
      year           = "2010",
      eprint         = "1005.0579",
      archivePrefix  = "arXiv",
      primaryClass   = "hep-ph",
      SLACcitation   = "%%CITATION = ARXIV:1005.0579;%%",
}

@article{McMillan:2009yr,
      author         = "McMillan, Paul J. and Binney, James J.",
      title          = "{The uncertainty in Galactic parameters}",
      year           = "2009",
      eprint         = "0907.4685",
      archivePrefix  = "arXiv",
      primaryClass   = "astro-ph.GA",
      SLACcitation   = "%%CITATION = ARXIV:0907.4685;%%",
}

@ARTICLE{Mignard:2000AA,
   author = {{Mignard}, F.},
    title = "{Local galactic kinematics from Hipparcos proper motions}",
  journal = {Astron.Astrophys.},
 keywords = {ASTROMETRY, CELESTIAL MECHANICS, STELLAR DYNAMICS, GALAXY: KINEMATICS AND DYNAMICS, GALAXY: SOLAR NEIGHBOURHOOD},
     year = 2000,
    month = feb,
   volume = 354,
    pages = {522},
   adsurl = {http://adsabs.harvard.edu/abs/2000A%26A...354..522M},
  adsnote = {Provided by the SAO/NASA Astrophysics Data System}
}

@article{Monroe:2007xp,
      author         = "Monroe, Jocelyn and Fisher, Peter",
      title          = "{Neutrino Backgrounds to Dark Matter Searches}",
      journal        = "Phys.Rev.",
      volume         = "D76",
      pages          = "033007",
      doi            = "10.1103/PhysRevD.76.033007",
      year           = "2007",
      eprint         = "0706.3019",
      archivePrefix  = "arXiv",
      primaryClass   = "astro-ph",
      SLACcitation   = "%%CITATION = ARXIV:0706.3019;%%",
}

@article{Morgan:2004ys,
      author         = "Morgan, Ben and Green, Anne M. and Spooner, Neil J.C.",
      title          = "{Directional statistics for WIMP direct detection}",
      journal        = "Phys.Rev.",
      volume         = "D71",
      pages          = "103507",
      doi            = "10.1103/PhysRevD.71.103507",
      year           = "2005",
      eprint         = "astro-ph/0408047",
      archivePrefix  = "arXiv",
      primaryClass   = "astro-ph",
      SLACcitation   = "%%CITATION = ASTRO-PH/0408047;%%",
}

@article{Moriyama:2011zz,
      author         = "Moriyama, S.",
      title          = "{Status of XMASS experiment}",
      collaboration  = "XMASS Collaboration",
      journal        = "PoS",
      volume         = "IDM2010",
      pages          = "057",
      year           = "2011",
      SLACcitation   = "%%CITATION = POSCI,IDM2010,057;%%",
}

@article{Natarajan:2010jx,
      author         = "Natarajan, Aravind",
      title          = "{Caustics, cold flows, and annual modulation}",
      journal        = "Adv.Astron.",
      volume         = "2011",
      pages          = "285346",
      doi            = "10.1155/2011/285346",
      year           = "2011",
      eprint         = "1006.5716",
      archivePrefix  = "arXiv",
      primaryClass   = "astro-ph.CO",
      SLACcitation   = "%%CITATION = ARXIV:1006.5716;%%",
}

@article{Natarajan:2011gz,
      author         = "Natarajan, Aravind and Savage, Christopher and Freese,
                        Katherine",
      title          = "{Probing dark matter streams with CoGeNT}",
      journal        = "Phys.Rev.",
      volume         = "D84",
      pages          = "103005",
      doi            = "10.1103/PhysRevD.84.103005",
      year           = "2011",
      eprint         = "1109.0014",
      archivePrefix  = "arXiv",
      primaryClass   = "astro-ph.CO",
      SLACcitation   = "%%CITATION = ARXIV:1109.0014;%%",
}

@article{Natarajan:2005fh,
      author         = "Natarajan, Aravind and Sikivie, Pierre",
      title          = "{Robustness of discrete flows and caustics in cold dark
                        matter cosmology}",
      journal        = "Phys.Rev.",
      volume         = "D72",
      pages          = "083513",
      doi            = "10.1103/PhysRevD.72.083513",
      year           = "2005",
      eprint         = "astro-ph/0508049",
      archivePrefix  = "arXiv",
      primaryClass   = "astro-ph",
      reportNumber   = "UFIFT-HET-05-15",
      SLACcitation   = "%%CITATION = ASTRO-PH/0508049;%%",
}

@article{Newberg:2003cu,
      author         = "Newberg, Heidi Jo and others",
      title          = "{Sagittarius tidal debris 90 kpc from the Galactic
                        center}",
      collaboration  = "SDSS Collaboration",
      journal        = "Astrophys.J.",
      volume         = "596",
      pages          = "L191-L194",
      doi            = "10.1086/379316",
      year           = "2003",
      eprint         = "astro-ph/0309162",
      archivePrefix  = "arXiv",
      primaryClass   = "astro-ph",
      reportNumber   = "FERMILAB-PUB-03-453-A",
      SLACcitation   = "%%CITATION = ASTRO-PH/0309162;%%",
}

@article{Nygren:2011xu,
      author         = "Nygren, David",
      title          = "{A testable conventional hypothesis for the DAMA-LIBRA
                        annual modulation}",
      year           = "2011",
      eprint         = "1102.0815",
      archivePrefix  = "arXiv",
      primaryClass   = "astro-ph.IM",
      SLACcitation   = "%%CITATION = ARXIV:1102.0815;%%",
}

@article{Pato:2010yq,
      author         = "Pato, Miguel and Agertz, Oscar and Bertone, Gianfranco
                        and Moore, Ben and Teyssier, Romain",
      title          = "{Systematic uncertainties in the determination of the
                        local dark matter density}",
      journal        = "Phys.Rev.",
      volume         = "D82",
      pages          = "023531",
      doi            = "10.1103/PhysRevD.82.023531",
      year           = "2010",
      eprint         = "1006.1322",
      archivePrefix  = "arXiv",
      primaryClass   = "astro-ph.HE",
      SLACcitation   = "%%CITATION = ARXIV:1006.1322;%%",
}

@article{Petriello:2008jj,
      author         = "Petriello, Frank and Zurek, Kathryn M.",
      title          = "{DAMA and WIMP dark matter}",
      journal        = "JHEP",
      volume         = "0809",
      pages          = "047",
      doi            = "10.1088/1126-6708/2008/09/047",
      year           = "2008",
      eprint         = "0806.3989",
      archivePrefix  = "arXiv",
      primaryClass   = "hep-ph",
      SLACcitation   = "%%CITATION = ARXIV:0806.3989;%%",
}

@article{Primack:1988zm,
      author         = "Primack, Joel R. and Seckel, David and Sadoulet, Bernard",
      title          = "{Detection of Cosmic Dark Matter}",
      journal        = "Ann.Rev.Nucl.Part.Sci.",
      volume         = "38",
      pages          = "751-807",
      year           = "1988",
      reportNumber   = "SCIPP-88-14",
      SLACcitation   = "%%CITATION = ARNUA,38,751;%%",
}

@article{Purcell:2009yp,
      author         = "Purcell, Chris W. and Bullock, James S. and Kaplinghat,
                        Manoj",
      title          = "{The Dark Disk of the Milky Way}",
      journal        = "Astrophys.J.",
      volume         = "703",
      pages          = "2275-2284",
      doi            = "10.1088/0004-637X/703/2/2275",
      year           = "2009",
      eprint         = "0906.5348",
      archivePrefix  = "arXiv",
      primaryClass   = "astro-ph.GA",
      SLACcitation   = "%%CITATION = ARXIV:0906.5348;%%",
}

@article{Purcell:2012sh,
      author         = "Purcell, Chris W. and Zentner, Andrew R. and Wang,
                        Mei-Yu",
      title          = "{Dark Matter Direct Search Rates in Simulations of the
                        Milky Way and Sagittarius Stream}",
      journal        = "JCAP",
      volume         = "1208",
      pages          = "027",
      doi            = "10.1088/1475-7516/2012/08/027",
      year           = "2012",
      eprint         = "1203.6617",
      archivePrefix  = "arXiv",
      primaryClass   = "astro-ph.GA",
      SLACcitation   = "%%CITATION = ARXIV:1203.6617;%%",
}

@article{Ralston:2010bd,
      author         = "Ralston, John P.",
      title          = "{One Model Explains DAMA/LIBRA, CoGENT, CDMS, and XENON}",
      year           = "2010",
      eprint         = "1006.5255",
      archivePrefix  = "arXiv",
      primaryClass   = "hep-ph",
      SLACcitation   = "%%CITATION = ARXIV:1006.5255;%%",
}

@article{Read:2008fh,
      author         = "Read, J.I. and Lake, G. and Agertz, O. and Debattista,
                        Victor P.",
      title          = "{Thin, thick and dark discs in LCDM}",
      year           = "2008",
      eprint         = "0803.2714",
      archivePrefix  = "arXiv",
      primaryClass   = "astro-ph",
      SLACcitation   = "%%CITATION = ARXIV:0803.2714;%%",
}

@ARTICLE{Read:2008,
   author = {{Read}, J.~I. and {Lake}, G. and {Agertz}, O. and {Debattista}, V.
	},
    title = "{A dark disc in the Milky Way}",
  journal = {Astron.Nachr.},
 keywords = {dark matter, Galaxy: evolution},
     year = 2008,
    month = dec,
   volume = 329,
    pages = {1022},
      doi = {10.1002/asna.200811082},
   adsurl = {http://adsabs.harvard.edu/abs/2008AN....329.1022R},
  adsnote = {Provided by the SAO/NASA Astrophysics Data System}
}

@article{Reid:2009nj,
      author         = "Reid, M.J. and Menten, K.M. and Zheng, X.W. and
                        Brunthaler, A. and Moscadelli, L. and others",
      title          = "{Trigonometric Parallaxes of Massive Star Forming
                        Regions: VI. Galactic Structure, Fundamental Parameters
                        and Non-Circular Motions}",
      journal        = "Astrophys.J.",
      volume         = "700",
      pages          = "137-148",
      doi            = "10.1088/0004-637X/700/1/137",
      year           = "2009",
      eprint         = "0902.3913",
      archivePrefix  = "arXiv",
      primaryClass   = "astro-ph.GA",
      SLACcitation   = "%%CITATION = ARXIV:0902.3913;%%",
}

@ARTICLE{Roberts:1975,
   author = {{Roberts}, M.~S. and {Whitehurst}, R.~N.},
    title = "{The rotation curve and geometry of M31 at large galactocentric distances.}",
  journal = {Astrophys.J.},
     year = 1975,
    month = oct,
   volume = 201,
    pages = {327},
      doi = {10.1086/153889},
   adsurl = {http://adsabs.harvard.edu/abs/1975ApJ...201..327R},
  adsnote = {Provided by the SAO/NASA Astrophysics Data System}
}

@article{Rubin:1970zza,
      author         = "Rubin, Vera C. and Ford, W. Kent, Jr.",
      title          = "{Rotation of the Andromeda Nebula from a Spectroscopic
                        Survey of Emission Regions}",
      journal        = "Astrophys.J.",
      volume         = "159",
      pages          = "379-403",
      doi            = "10.1086/150317",
      year           = "1970",
      SLACcitation   = "%%CITATION = ASJOA,159,379;%%",
}

@article{Salucci:2010qr,
      author         = "Salucci, P. and Nesti, F. and Gentile, G. and Martins,
                        C.F.",
      title          = "{The dark matter density at the Sun's location}",
      journal        = "Astron.Astrophys.",
      volume         = "523",
      pages          = "A83",
      doi            = "10.1051/0004-6361/201014385",
      year           = "2010",
      eprint         = "1003.3101",
      archivePrefix  = "arXiv",
      primaryClass   = "astro-ph.GA",
      SLACcitation   = "%%CITATION = ARXIV:1003.3101;%%",
}

@BOOK{Sandage:1975,
   author = {{Sandage}, A. and {Sandage}, M. and {Kristian}, J.},
    title = "{Galaxies and the Universe}",
 keywords = {COSMOLOGY, GALACTIC STRUCTURE, QUASARS, RADIO ASTRONOMY, RADIO GALAXIES, UNIVERSE, ASTRODYNAMICS, ASTRONOMICAL MODELS, CLASSIFICATIONS, MAGELLANIC CLOUDS, NEBULAE, NONTHERMAL RADIATION, NOVAE, RED SHIFT, SPECTRAL ENERGY DISTRIBUTION, SPIRAL GALAXIES, STAR CLUSTERS},
booktitle = {Galaxies and the Universe},
publisher = {University of Chicago Press},
     year = 1975,
   adsurl = {http://adsabs.harvard.edu/abs/1975gaun.book.....S},
  adsnote = {Provided by the SAO/NASA Astrophysics Data System}
}

@article{Sanglard:2005we,
      author         = "Sanglard, V. and others",
      title          = "{Final results of the EDELWEISS-I dark matter search with
                        cryogenic heat-and-ionization Ge detectors}",
      collaboration  = "EDELWEISS Collaboration",
      journal        = "Phys.Rev.",
      volume         = "D71",
      pages          = "122002",
      doi            = "10.1103/PhysRevD.71.122002",
      year           = "2005",
      eprint         = "astro-ph/0503265",
      archivePrefix  = "arXiv",
      primaryClass   = "astro-ph",
      reportNumber   = "LYCEN-2005-05",
      SLACcitation   = "%%CITATION = ASTRO-PH/0503265;%%",
}

@article{Savage:2009mk,
      author         = "Savage, C. and Freese, K. and Gondolo, P. and Spolyar,
                        D.",
      title          = "{Compatibility of DAMA/LIBRA dark matter detection with
                        other searches in light of new Galactic rotation velocity
                        measurements}",
      journal        = "JCAP",
      volume         = "0909",
      pages          = "036",
      doi            = "10.1088/1475-7516/2009/09/036",
      year           = "2009",
      eprint         = "0901.2713",
      archivePrefix  = "arXiv",
      primaryClass   = "astro-ph.CO",
      reportNumber   = "FTPI-MINN-09-04",
      SLACcitation   = "%%CITATION = ARXIV:0901.2713;%%",
}

@article{Savage:2008er,
      author         = "Savage, C. and Gelmini, G. and Gondolo, P. and Freese,
                        K.",
      title          = "{Compatibility of DAMA/LIBRA dark matter detection with
                        other searches}",
      journal        = "JCAP",
      volume         = "0904",
      pages          = "010",
      doi            = "10.1088/1475-7516/2009/04/010",
      year           = "2009",
      eprint         = "0808.3607",
      archivePrefix  = "arXiv",
      primaryClass   = "astro-ph",
      reportNumber   = "FTPI-MINN-08-34",
      SLACcitation   = "%%CITATION = ARXIV:0808.3607;%%",
}

@article{Savage:2006qr,
      author         = "Savage, Christopher and Freese, Katherine and Gondolo,
                        Paolo",
      title          = "{Annual Modulation of Dark Matter in the Presence of
                        Streams}",
      journal        = "Phys.Rev.",
      volume         = "D74",
      pages          = "043531",
      doi            = "10.1103/PhysRevD.74.043531",
      year           = "2006",
      eprint         = "astro-ph/0607121",
      archivePrefix  = "arXiv",
      primaryClass   = "astro-ph",
      reportNumber   = "MCTP-06-16",
      SLACcitation   = "%%CITATION = ASTRO-PH/0607121;%%",
}

@article{Savage:2010tg,
      author         = "Savage, Christopher and Gelmini, Graciela and Gondolo,
                        Paolo and Freese, Katherine",
      title          = "{XENON10/100 dark matter constraints in comparison with
                        CoGeNT and DAMA: examining the Leff dependence}",
      journal        = "Phys.Rev.",
      volume         = "D83",
      pages          = "055002",
      doi            = "10.1103/PhysRevD.83.055002",
      year           = "2011",
      eprint         = "1006.0972",
      archivePrefix  = "arXiv",
      primaryClass   = "astro-ph.CO",
      SLACcitation   = "%%CITATION = ARXIV:1006.0972;%%",
}

@article{Savage:2004fn,
      author         = "Savage, Christopher and Gondolo, Paolo and Freese,
                        Katherine",
      title          = "{Can WIMP spin dependent couplings explain DAMA data, in
                        light of null results from other experiments?}",
      journal        = "Phys.Rev.",
      volume         = "D70",
      pages          = "123513",
      doi            = "10.1103/PhysRevD.70.123513",
      year           = "2004",
      eprint         = "astro-ph/0408346",
      archivePrefix  = "arXiv",
      primaryClass   = "astro-ph",
      reportNumber   = "MCTP-04-47",
      SLACcitation   = "%%CITATION = ASTRO-PH/0408346;%%",
}

@article{Schnee:2011ef,
      author         = "Schnee, R.W.",
      title          = "{Introduction to dark matter experiments}",
      year           = "2011",
      eprint         = "1101.5205",
      archivePrefix  = "arXiv",
      primaryClass   = "astro-ph.CO",
      SLACcitation   = "%%CITATION = ARXIV:1101.5205;%%",
}

@article{Schoenrich:2009bx,
      author         = "Schoenrich, R. and Binney, J. and Dehnen, W.",
      title          = "{Local Kinematics and the Local Standard of Rest}",
      year           = "2009",
      eprint         = "0912.3693",
      archivePrefix  = "arXiv",
      primaryClass   = "astro-ph.GA",
      SLACcitation   = "%%CITATION = ARXIV:0912.3693;%%",
}

@article{Schwetz:2011xm,
      author         = "Schwetz, Thomas and Zupan, Jure",
      title          = "{Dark Matter attempts for CoGeNT and DAMA}",
      journal        = "JCAP",
      volume         = "1108",
      pages          = "008",
      doi            = "10.1088/1475-7516/2011/08/008",
      year           = "2011",
      eprint         = "1106.6241",
      archivePrefix  = "arXiv",
      primaryClass   = "hep-ph",
      SLACcitation   = "%%CITATION = ARXIV:1106.6241;%%",
}

@article{Seabroke:2007er,
      author         = "Seabroke, G.M. and Gilmore, G. and Siebert, A. and
                        Bienayme, O. and Binney, J. and others",
      title          = "{Is the sky falling? Searching for stellar streams in the
                        local Milky Way disc in the CORAVEL and RAVE surveys}",
      journal        = "Mon.Not.Roy.Astron.Soc.",
      year           = "2007",
      eprint         = "0709.4219",
      archivePrefix  = "arXiv",
      primaryClass   = "astro-ph",
      SLACcitation   = "%%CITATION = ARXIV:0709.4219;%%",
}

@article{Sikivie:1997ng,
      author         = "Sikivie, P.",
      title          = "{Caustic rings of dark matter}",
      journal        = "Phys.Lett.",
      volume         = "B432",
      pages          = "139-144",
      doi            = "10.1016/S0370-2693(98)00595-4",
      year           = "1998",
      eprint         = "astro-ph/9705038",
      archivePrefix  = "arXiv",
      primaryClass   = "astro-ph",
      reportNumber   = "UFIFT-HEP-97-10",
      SLACcitation   = "%%CITATION = ASTRO-PH/9705038;%%",
}

@article{Sikivie:1992bk,
      author         = "Sikivie, P. and Ipser, James R.",
      title          = "{Phase space structure of cold dark matter halos}",
      journal        = "Phys.Lett.",
      volume         = "B291",
      pages          = "288-292",
      doi            = "10.1016/0370-2693(92)91047-D",
      year           = "1992",
      reportNumber   = "NSF-ITP-92-92-REV, NSF-ITP-92-92",
      SLACcitation   = "%%CITATION = PHLTA,B291,288;%%",
}

@article{Sikivie:1996nn,
      author         = "Sikivie, P. and Tkachev, I.I. and Wang, Yun",
      title          = "{The Secondary infall model of galactic halo formation
                        and the spectrum of cold dark matter particles on earth}",
      journal        = "Phys.Rev.",
      volume         = "D56",
      pages          = "1863-1878",
      doi            = "10.1103/PhysRevD.56.1863",
      year           = "1997",
      eprint         = "astro-ph/9609022",
      archivePrefix  = "arXiv",
      primaryClass   = "astro-ph",
      reportNumber   = "IFT-HET-96-20, OSU-TA-20-96, FERMILAB-PUB-96-286-A",
      SLACcitation   = "%%CITATION = ASTRO-PH/9609022;%%",
}

@article{Sikivie:1999jv,
      author         = "Sikivie, Pierre",
      title          = "{The caustic ring singularity}",
      journal        = "Phys.Rev.",
      volume         = "D60",
      pages          = "063501",
      doi            = "10.1103/PhysRevD.60.063501",
      year           = "1999",
      eprint         = "astro-ph/9902210",
      archivePrefix  = "arXiv",
      primaryClass   = "astro-ph",
      reportNumber   = "UFIFT-HEP-98-41",
      SLACcitation   = "%%CITATION = ASTRO-PH/9902210;%%",
}

@article{Smith:2006ym,
      author         = "Smith, Martin C. and Ruchti, G.R. and Helmi, A. and Wyse,
                        R.F.G. and Fulbright, J.P. and others",
      title          = "{The RAVE Survey: Constraining the Local Galactic Escape
                        Speed}",
      journal        = "Mon.Not.Roy.Astron.Soc.",
      volume         = "379",
      pages          = "755-772",
      doi            = "10.1111/j.1365-2966.2007.11964.x",
      year           = "2007",
      eprint         = "astro-ph/0611671",
      archivePrefix  = "arXiv",
      primaryClass   = "astro-ph",
      SLACcitation   = "%%CITATION = ASTRO-PH/0611671;%%",
}

@article{Smith:1988kw,
      author         = "Smith, P.F. and Lewin, J.D.",
      title          = "{Dark Matter Detection}",
      journal        = "Phys.Rept.",
      volume         = "187",
      pages          = "203",
      doi            = "10.1016/0370-1573(90)90081-C",
      year           = "1990",
      reportNumber   = "RAL-88-045, C88-04-28, C88-09-18.1",
      SLACcitation   = "%%CITATION = PRPLC,187,203;%%",
}

@article{Spergel:1987kx,
      author         = "Spergel, David N.",
      title          = "{THE MOTION OF THE EARTH AND THE DETECTION OF WIMPs}",
      journal        = "Phys.Rev.",
      volume         = "D37",
      pages          = "1353",
      doi            = "10.1103/PhysRevD.37.1353",
      year           = "1988",
      reportNumber   = "IASSNS-AST-87/2",
      SLACcitation   = "%%CITATION = PHRVA,D37,1353;%%",
}

@article{Springel:2008cc,
      author         = "Springel, Volker and Wang, Jie and Vogelsberger, Mark and
                        Ludlow, Aaron and Jenkins, Adrian and others",
      title          = "{The Aquarius Project: the subhalos of galactic halos}",
      journal        = "Mon.Not.Roy.Astron.Soc.",
      volume         = "391",
      pages          = "1685-1711",
      doi            = "10.1111/j.1365-2966.2008.14066.x",
      year           = "2008",
      eprint         = "0809.0898",
      archivePrefix  = "arXiv",
      primaryClass   = "astro-ph",
      SLACcitation   = "%%CITATION = ARXIV:0809.0898;%%",
}

@article{Stadel:2008pn,
      author         = "Stadel, Joachim and Potter, Doug and Moore, Ben and
                        Diemand, Jurg and Madau, Piero and others",
      title          = "{Quantifying the heart of darkness with GHALO - a
                        multi-billion particle simulation of our galactic halo}",
      year           = "2008",
      eprint         = "0808.2981",
      archivePrefix  = "arXiv",
      primaryClass   = "astro-ph",
      SLACcitation   = "%%CITATION = ARXIV:0808.2981;%%",
}

@article{Stiff:2001dq,
      author         = "Stiff, David and Widrow, Lawrence M. and Frieman, Joshua",
      title          = "{Signatures of hierarchical clustering in dark matter
                        detection experiments}",
      journal        = "Phys.Rev.",
      volume         = "D64",
      pages          = "083516",
      doi            = "10.1103/PhysRevD.64.083516",
      year           = "2001",
      eprint         = "astro-ph/0106048",
      archivePrefix  = "arXiv",
      primaryClass   = "astro-ph",
      SLACcitation   = "%%CITATION = ASTRO-PH/0106048;%%",
}

@article{Stinson:2010xe,
      author         = "Stinson, G. and Bailin, J. and Couchman, H. and Wadsley,
                        J. and Shen, S. and others",
      title          = "{Cosmological Galaxy Formation Simulations Using SPH}",
      year           = "2010",
      eprint         = "1004.0675",
      archivePrefix  = "arXiv",
      primaryClass   = "astro-ph.CO",
      SLACcitation   = "%%CITATION = ARXIV:1004.0675;%%",
}

@article{Strigari:2009bq,
      author         = "Strigari, Louis E.",
      title          = "{Neutrino Coherent Scattering Rates at Direct Dark Matter
                        Detectors}",
      journal        = "New J.Phys.",
      volume         = "11",
      pages          = "105011",
      doi            = "10.1088/1367-2630/11/10/105011",
      year           = "2009",
      eprint         = "0903.3630",
      archivePrefix  = "arXiv",
      primaryClass   = "astro-ph.CO",
      SLACcitation   = "%%CITATION = ARXIV:0903.3630;%%",
}

@article{Tremaine:1998nk,
      author         = "Tremaine, S.",
      title          = "{The geometry of phase mixing}",
      journal        = "Mon.Not.Roy.Astron.Soc.",
      volume         = "307",
      pages          = "877-883",
      doi            = "10.1046/j.1365-8711.1999.02690.x",
      year           = "1999",
      eprint         = "astro-ph/9812146",
      archivePrefix  = "arXiv",
      primaryClass   = "astro-ph",
      reportNumber   = "POPE-782",
      SLACcitation   = "%%CITATION = ASTRO-PH/9812146;%%",
}

@article{Tretyak:2009sr,
      author         = "Tretyak, V.I.",
      title          = "{Semi-empirical calculation of quenching factors for ions
                        in scintillators}",
      journal        = "Astropart.Phys.",
      volume         = "33",
      pages          = "40-53",
      doi            = "10.1016/j.astropartphys.2009.11.002",
      year           = "2010",
      eprint         = "0911.3041",
      archivePrefix  = "arXiv",
      primaryClass   = "nucl-ex",
      SLACcitation   = "%%CITATION = ARXIV:0911.3041;%%",
}

@article{Tsallis:1987eu,
      author         = "Tsallis, Constantino",
      title          = "{Possible Generalization of Boltzmann-Gibbs Statistics}",
      journal        = "J.Statist.Phys.",
      volume         = "52",
      pages          = "479-487",
      doi            = "10.1007/BF01016429",
      year           = "1988",
      reportNumber   = "CBPF-NF-062-87",
      SLACcitation   = "%%CITATION = JSTPB,52,479;%%",
}

@article{TuckerSmith:2001hy,
      author         = "Tucker-Smith, David and Weiner, Neal",
      title          = "{Inelastic dark matter}",
      journal        = "Phys.Rev.",
      volume         = "D64",
      pages          = "043502",
      doi            = "10.1103/PhysRevD.64.043502",
      year           = "2001",
      eprint         = "hep-ph/0101138",
      archivePrefix  = "arXiv",
      primaryClass   = "hep-ph",
      reportNumber   = "UCB-PTH-00-43, LBNL-47234, UW-PT-00-17",
      SLACcitation   = "%%CITATION = HEP-PH/0101138;%%",
}

@article{Ullio:2000bv,
      author         = "Ullio, Piero and Kamionkowski, Marc and Vogel, Petr",
      title          = "{Spin dependent WIMPs in DAMA?}",
      journal        = "JHEP",
      volume         = "0107",
      pages          = "044",
      year           = "2001",
      eprint         = "hep-ph/0010036",
      archivePrefix  = "arXiv",
      primaryClass   = "hep-ph",
      SLACcitation   = "%%CITATION = HEP-PH/0010036;%%",
}

@article{Valluri:2009ir,
      author         = "Valluri, M. and Debattista, V.P. and Quinn, T. and Moore,
                        B.",
      title          = "{The Orbital Evolution Induced by Baryonic Condensation
                        in Triaxial Halos}",
      year           = "2009",
      eprint         = "0906.4784",
      archivePrefix  = "arXiv",
      primaryClass   = "astro-ph.CO",
      SLACcitation   = "%%CITATION = ARXIV:0906.4784;%%",
}

@article{Valluri:2013tj,
      author         = "Valluri, Monica and Debattista, Victor P. and Stinson,
                        Gregory S. and Bailin, Jeremy and Quinn, Thomas R. and
                        others",
      title          = "{Halo orbits in cosmological disk galaxies: tracers of
                        formation history}",
      journal        = "Astrophys.J.",
      volume         = "767",
      pages          = "93",
      doi            = "10.1088/0004-637X/767/1/93",
      year           = "2013",
      eprint         = "1301.4517",
      archivePrefix  = "arXiv",
      primaryClass   = "astro-ph.CO",
      SLACcitation   = "%%CITATION = ARXIV:1301.4517;%%",
}

@article{Vogelsberger:2008qb,
      author         = "Vogelsberger, Mark and Helmi, A. and Springel, Volker and
                        White, Simon D.M. and Wang, Jie and others",
      title          = "{Phase-space structure in the local dark matter
                        distribution and its signature in direct detection
                        experiments}",
      journal        = "Mon.Not.Roy.Astron.Soc.",
      volume         = "395",
      pages          = "797-811",
      doi            = "10.1111/j.1365-2966.2009.14630.x",
      year           = "2009",
      eprint         = "0812.0362",
      archivePrefix  = "arXiv",
      primaryClass   = "astro-ph",
      SLACcitation   = "%%CITATION = ARXIV:0812.0362;%%",
}

@article{Weber:2009pt,
      author         = "Weber, Markus and de Boer, Wim",
      title          = "{Determination of the Local Dark Matter Density in our
                        Galaxy}",
      journal        = "Astron.Astrophys.",
      volume         = "509",
      pages          = "A25",
      doi            = "10.1051/0004-6361/200913381",
      year           = "2010",
      eprint         = "0910.4272",
      archivePrefix  = "arXiv",
      primaryClass   = "astro-ph.CO",
      SLACcitation   = "%%CITATION = ARXIV:0910.4272;%%",
}

@article{Wong:2010zz,
      author         = "Wong, Henry T. and Lin, Shin-Ted",
      title          = "{Dark matter searches with germanium detectors with
                        sub-keV sensitivities}",
      collaboration  = "TEXONO + CDEX Collaboration",
      journal        = "PoS",
      volume         = "ICHEP2010",
      pages          = "439",
      year           = "2010",
      SLACcitation   = "%%CITATION = POSCI,ICHEP2010,439;%%",
}

@article{Yanny:2003zu,
      author         = "Yanny, Brian and others",
      title          = "{A Low latitude halo stream around the Milky Way}",
      collaboration  = "SDSS Collaboration",
      journal        = "Astrophys.J.",
      volume         = "588",
      pages          = "824",
      doi            = "10.1086/374220",
      year           = "2003",
      eprint         = "astro-ph/0301029",
      archivePrefix  = "arXiv",
      primaryClass   = "astro-ph",
      reportNumber   = "FERMILAB-PUB-03-025-A",
      SLACcitation   = "%%CITATION = ASTRO-PH/0301029;%%",
}

@ARTICLE{Zemp:2011,
   author = {{Zemp}, M. and {Gnedin}, O.~Y. and {Gnedin}, N.~Y. and {Kravtsov}, A.~V.
	},
    title = "{The Impact of Baryon Physics on the Structure of High-redshift Galaxies}",
  journal = {Astrophys.J.},
archivePrefix = "arXiv",
   eprint = {1108.5384},
 primaryClass = "astro-ph.GA",
 keywords = {cosmology: theory, galaxies: evolution, galaxies: formation, methods: numerical, stars: formation},
     year = 2012,
    month = mar,
   volume = 748,
      eid = {54},
    pages = {54},
      doi = {10.1088/0004-637X/748/1/54},
   adsurl = {http://adsabs.harvard.edu/abs/2012ApJ...748...54Z},
  adsnote = {Provided by the SAO/NASA Astrophysics Data System}
}

@article{Zwicky:1937zza,
      author         = "Zwicky, F.",
      title          = "{On the Masses of Nebulae and of Clusters of Nebulae}",
      journal        = "Astrophys.J.",
      volume         = "86",
      pages          = "217-246",
      year           = "1937",
      SLACcitation   = "%%CITATION = ASJOA,86,217;%%",
}



@article{menendez2012spin,
  title={Spin-dependent WIMP scattering off nuclei},
  author={Menendez, J and Gazit, D and Schwenk, A},
  journal={Physical Review D},
  volume={86},
  number={10},
  pages={103511},
  year={2012},
  publisher={APS},
  url={http://journals.aps.org/prd/abstract/10.1103/PhysRevD.86.103511}

}

@article{bernabei2000search,
  title={Search for WIMP annual modulation signature: Results from DAMA/NaI-3 and DAMA/NaI-4 and the global combined analysis},
  author={Bernabei, R and Belli, P and Cerulli, R and Montecchia, F and Amato, M and Ignesti, G and Incicchitti, A and Prosperi, D and Dai, CJ and He, HL and others},
  journal={Physics Letters B},
  volume={480},
  number={1},
  pages={23--31},
  year={2000},
  publisher={Elsevier}
}

@article{freese1988signal,
  title={Signal modulation in cold-dark-matter detection},
  author={Freese, Katherine and Frieman, Joshua and Gould, Andrew},
  journal={Physical Review D},
  volume={37},
  number={12},
  pages={3388},
  year={1988},
  publisher={APS}
}

@article{lewin1996review,
  title={Review of mathematics, numerical factors, and corrections for dark matter experiments based on elastic nuclear recoil},
  author={Lewin, JD and Smith, PF},
  journal={Astroparticle Physics},
  volume={6},
  number={1},
  pages={87--112},
  year={1996},
  publisher={Elsevier}
}



@inproceedings{navarro1996structure,
  title={The Structure of cold dark matter halos},
  author={Navarro, J and White, Simon DM},
  booktitle={SYMPOSIUM-INTERNATIONAL ASTRONOMICAL UNION},
  volume={171},
  pages={255--258},
  year={1996},
  organization={KLUWER ACADEMIC PUBLISHERS GROUP}
}

@article{Berlin:2014tja,
      author         = "Berlin, Asher and Hooper, Dan and McDermott, Samuel D.",
      title          = "{Simplified Dark Matter Models for the Galactic Center
                        Gamma-Ray Excess}",
      journal        = "Phys.Rev.",
      volume         = "D89",
      pages          = "115022",
      doi            = "10.1103/PhysRevD.89.115022",
      year           = "2014",
      eprint         = "1404.0022",
      archivePrefix  = "arXiv",
      primaryClass   = "hep-ph",
      reportNumber   = "FERMILAB-PUB-14-060-A, MCTP-14-07",
      SLACcitation   = "%%CITATION = ARXIV:1404.0022;%%",
}

@article{Beringer:1900zz,
      author         = "Beringer, J. and others",
      title          = "{Review of Particle Physics (RPP)}",
      collaboration  = "Particle Data Group",
      journal        = "Phys.Rev.",
      volume         = "D86",
      pages          = "010001",
      doi            = "10.1103/PhysRevD.86.010001",
      year           = "2012",
      reportNumber   = "SLAC-REPRINT-2014-001",
      SLACcitation   = "%%CITATION = PHRVA,D86,010001;%%",
}
